timestamp,bid,ask,tick_timestamp
2020-03-25 16:47:48,743303.0,743800.0,2020-03-25 16:47:47
2020-03-25 16:47:49,743303.0,743800.0,2020-03-25 16:47:49
2020-03-25 16:47:50,743303.0,743800.0,2020-03-25 16:47:50
2020-03-25 16:47:51,743303.0,743800.0,2020-03-25 16:47:51
2020-03-25 16:47:52,743303.0,743800.0,2020-03-25 16:47:52
2020-03-25 16:47:53,743303.0,743800.0,2020-03-25 16:47:53
2020-03-25 16:47:54,743303.0,743800.0,2020-03-25 16:47:54
2020-03-25 16:47:55,743303.0,743800.0,2020-03-25 16:47:55
2020-03-25 16:47:56,743303.0,743800.0,2020-03-25 16:47:56
2020-03-25 16:47:57,743303.0,743800.0,2020-03-25 16:47:57
2020-03-25 16:47:58,743382.0,743800.0,2020-03-25 16:47:58
2020-03-25 16:48:00,743382.0,743800.0,2020-03-25 16:47:59
2020-03-25 16:48:01,743382.0,743800.0,2020-03-25 16:48:01
2020-03-25 16:48:02,743382.0,743800.0,2020-03-25 16:48:02
2020-03-25 16:48:03,743382.0,743800.0,2020-03-25 16:48:03
2020-03-25 16:48:04,743382.0,743800.0,2020-03-25 16:48:04
2020-03-25 16:48:05,743382.0,743800.0,2020-03-25 16:48:05
2020-03-25 16:48:06,743745.0,744287.0,2020-03-25 16:48:06
2020-03-25 16:48:07,743745.0,744287.0,2020-03-25 16:48:07
2020-03-25 16:48:08,743745.0,744287.0,2020-03-25 16:48:08
2020-03-25 16:48:09,743745.0,744287.0,2020-03-25 16:48:09
2020-03-25 16:48:10,743745.0,744287.0,2020-03-25 16:48:10
2020-03-25 16:48:11,743745.0,744287.0,2020-03-25 16:48:11
2020-03-25 16:48:12,743745.0,744287.0,2020-03-25 16:48:12
2020-03-25 16:48:14,743745.0,744287.0,2020-03-25 16:48:13
2020-03-25 16:48:15,743745.0,744287.0,2020-03-25 16:48:15
2020-03-25 16:48:16,743745.0,744287.0,2020-03-25 16:48:16
2020-03-25 16:48:17,743745.0,744287.0,2020-03-25 16:48:17
2020-03-25 16:48:18,743752.0,744197.0,2020-03-25 16:48:18
2020-03-25 16:48:19,743752.0,744197.0,2020-03-25 16:48:19
2020-03-25 16:48:20,743752.0,744197.0,2020-03-25 16:48:20
2020-03-25 16:48:21,743752.0,744197.0,2020-03-25 16:48:21
2020-03-25 16:48:22,743752.0,744197.0,2020-03-25 16:48:22
2020-03-25 16:48:23,743752.0,744197.0,2020-03-25 16:48:23
2020-03-25 16:48:24,743752.0,744197.0,2020-03-25 16:48:24
2020-03-25 16:48:25,743752.0,744197.0,2020-03-25 16:48:25
2020-03-25 16:48:26,743586.0,744147.0,2020-03-25 16:48:26
2020-03-25 16:48:27,743586.0,744147.0,2020-03-25 16:48:27
2020-03-25 16:48:28,743586.0,744147.0,2020-03-25 16:48:28
2020-03-25 16:48:29,743586.0,744147.0,2020-03-25 16:48:29
2020-03-25 16:48:30,743586.0,744147.0,2020-03-25 16:48:30
2020-03-25 16:48:32,743586.0,744147.0,2020-03-25 16:48:31
2020-03-25 16:48:33,743586.0,744147.0,2020-03-25 16:48:33
2020-03-25 16:48:34,743586.0,744147.0,2020-03-25 16:48:34
2020-03-25 16:48:35,743586.0,744147.0,2020-03-25 16:48:35
2020-03-25 16:48:36,743586.0,744147.0,2020-03-25 16:48:36
2020-03-25 16:48:37,743358.0,743831.0,2020-03-25 16:48:37
2020-03-25 16:48:38,743358.0,743831.0,2020-03-25 16:48:38
2020-03-25 16:48:39,743358.0,743831.0,2020-03-25 16:48:39
2020-03-25 16:48:40,743358.0,743831.0,2020-03-25 16:48:40
2020-03-25 16:48:41,743358.0,743831.0,2020-03-25 16:48:41
2020-03-25 16:48:42,743358.0,743831.0,2020-03-25 16:48:42
2020-03-25 16:48:43,743358.0,743831.0,2020-03-25 16:48:43
2020-03-25 16:48:44,743358.0,743831.0,2020-03-25 16:48:44
2020-03-25 16:48:45,743358.0,743831.0,2020-03-25 16:48:45
2020-03-25 16:48:46,743358.0,743831.0,2020-03-25 16:48:46
2020-03-25 16:48:47,743358.0,743831.0,2020-03-25 16:48:47
2020-03-25 16:48:48,743358.0,743831.0,2020-03-25 16:48:48
2020-03-25 16:48:49,743358.0,743739.0,2020-03-25 16:48:49
2020-03-25 16:48:51,743358.0,743739.0,2020-03-25 16:48:50
2020-03-25 16:48:52,743358.0,743739.0,2020-03-25 16:48:52
2020-03-25 16:48:53,743358.0,743739.0,2020-03-25 16:48:53
2020-03-25 16:48:54,743358.0,743739.0,2020-03-25 16:48:54
2020-03-25 16:48:55,743358.0,743739.0,2020-03-25 16:48:55
2020-03-25 16:48:56,743563.0,744024.0,2020-03-25 16:48:56
2020-03-25 16:48:57,743563.0,744024.0,2020-03-25 16:48:57
2020-03-25 16:48:58,743563.0,744024.0,2020-03-25 16:48:58
2020-03-25 16:48:59,743563.0,744024.0,2020-03-25 16:48:59
2020-03-25 16:49:00,743563.0,744024.0,2020-03-25 16:49:00
2020-03-25 16:49:01,743563.0,744024.0,2020-03-25 16:49:01
2020-03-25 16:49:02,743563.0,744024.0,2020-03-25 16:49:02
2020-03-25 16:49:03,743563.0,744024.0,2020-03-25 16:49:03
2020-03-25 16:49:04,743563.0,744024.0,2020-03-25 16:49:04
2020-03-25 16:49:05,743515.0,743975.0,2020-03-25 16:49:05
2020-03-25 16:49:06,743515.0,743975.0,2020-03-25 16:49:06
2020-03-25 16:49:07,743515.0,743975.0,2020-03-25 16:49:07
2020-03-25 16:49:08,743515.0,743975.0,2020-03-25 16:49:08
2020-03-25 16:49:09,743515.0,743975.0,2020-03-25 16:49:09
2020-03-25 16:49:11,743515.0,743975.0,2020-03-25 16:49:10
2020-03-25 16:49:12,743515.0,743975.0,2020-03-25 16:49:12
2020-03-25 16:49:13,743515.0,743975.0,2020-03-25 16:49:13
2020-03-25 16:49:14,743515.0,743975.0,2020-03-25 16:49:14
2020-03-25 16:49:15,743594.0,744145.0,2020-03-25 16:49:15
2020-03-25 16:49:16,743594.0,744145.0,2020-03-25 16:49:16
2020-03-25 16:49:17,743594.0,744145.0,2020-03-25 16:49:17
2020-03-25 16:49:18,743594.0,744145.0,2020-03-25 16:49:18
2020-03-25 16:49:19,743594.0,744145.0,2020-03-25 16:49:19
2020-03-25 16:49:20,743594.0,744145.0,2020-03-25 16:49:20
2020-03-25 16:49:21,743594.0,744145.0,2020-03-25 16:49:21
2020-03-25 16:49:22,743594.0,744145.0,2020-03-25 16:49:22
2020-03-25 16:49:23,743594.0,744145.0,2020-03-25 16:49:23
2020-03-25 16:49:25,743594.0,744145.0,2020-03-25 16:49:24
2020-03-25 16:49:26,743549.0,744073.0,2020-03-25 16:49:26
2020-03-25 16:49:27,743549.0,744073.0,2020-03-25 16:49:27
2020-03-25 16:49:28,743549.0,744073.0,2020-03-25 16:49:28
2020-03-25 16:49:29,743549.0,744073.0,2020-03-25 16:49:29
2020-03-25 16:49:30,743549.0,744073.0,2020-03-25 16:49:30
2020-03-25 16:49:31,743549.0,744073.0,2020-03-25 16:49:31
2020-03-25 16:49:32,743549.0,744073.0,2020-03-25 16:49:32
2020-03-25 16:49:33,743549.0,744073.0,2020-03-25 16:49:33
2020-03-25 16:49:34,743549.0,744073.0,2020-03-25 16:49:34
2020-03-25 16:49:35,743509.0,744044.0,2020-03-25 16:49:35
2020-03-25 16:49:36,743509.0,744044.0,2020-03-25 16:49:36
2020-03-25 16:49:37,743509.0,744044.0,2020-03-25 16:49:37
2020-03-25 16:49:38,743509.0,744044.0,2020-03-25 16:49:38
2020-03-25 16:49:39,743509.0,744044.0,2020-03-25 16:49:39
2020-03-25 16:49:40,743509.0,744044.0,2020-03-25 16:49:40
2020-03-25 16:49:41,743509.0,744044.0,2020-03-25 16:49:41
2020-03-25 16:49:43,743509.0,744044.0,2020-03-25 16:49:42
2020-03-25 16:49:44,743509.0,744044.0,2020-03-25 16:49:44
2020-03-25 16:49:45,743906.0,744431.0,2020-03-25 16:49:45
2020-03-25 16:49:46,743906.0,744431.0,2020-03-25 16:49:46
2020-03-25 16:49:47,743906.0,744431.0,2020-03-25 16:49:47
2020-03-25 16:49:48,743906.0,744431.0,2020-03-25 16:49:48
2020-03-25 16:49:49,743906.0,744431.0,2020-03-25 16:49:49
2020-03-25 16:49:50,743906.0,744431.0,2020-03-25 16:49:50
2020-03-25 16:49:51,743906.0,744431.0,2020-03-25 16:49:51
2020-03-25 16:49:52,743906.0,744431.0,2020-03-25 16:49:52
2020-03-25 16:49:53,743906.0,744431.0,2020-03-25 16:49:53
2020-03-25 16:49:54,743906.0,744431.0,2020-03-25 16:49:54
2020-03-25 16:49:55,744671.0,745287.0,2020-03-25 16:49:55
2020-03-25 16:49:56,744671.0,745287.0,2020-03-25 16:49:56
2020-03-25 16:49:57,744671.0,745287.0,2020-03-25 16:49:57
2020-03-25 16:49:58,744671.0,745287.0,2020-03-25 16:49:58
2020-03-25 16:49:59,744671.0,745287.0,2020-03-25 16:49:59
2020-03-25 16:50:01,744671.0,745287.0,2020-03-25 16:50:00
2020-03-25 16:50:02,744671.0,745287.0,2020-03-25 16:50:02
2020-03-25 16:50:03,744671.0,745287.0,2020-03-25 16:50:03
2020-03-25 16:50:04,744671.0,745287.0,2020-03-25 16:50:04
2020-03-25 16:50:05,744671.0,745287.0,2020-03-25 16:50:05
2020-03-25 16:50:06,744051.0,744250.0,2020-03-25 16:50:06
2020-03-25 16:50:07,744051.0,744250.0,2020-03-25 16:50:07
2020-03-25 16:50:08,744051.0,744250.0,2020-03-25 16:50:08
2020-03-25 16:50:09,744051.0,744250.0,2020-03-25 16:50:09
2020-03-25 16:50:10,744051.0,744250.0,2020-03-25 16:50:10
2020-03-25 16:50:11,744051.0,744250.0,2020-03-25 16:50:11
2020-03-25 16:50:12,744051.0,744250.0,2020-03-25 16:50:12
2020-03-25 16:50:13,744051.0,744250.0,2020-03-25 16:50:13
2020-03-25 16:50:14,744051.0,744250.0,2020-03-25 16:50:14
2020-03-25 16:50:15,744051.0,744250.0,2020-03-25 16:50:15
2020-03-25 16:50:16,744051.0,744250.0,2020-03-25 16:50:16
2020-03-25 16:50:17,744051.0,744250.0,2020-03-25 16:50:17
2020-03-25 16:50:19,744164.0,744764.0,2020-03-25 16:50:18
2020-03-25 16:50:20,744164.0,744764.0,2020-03-25 16:50:20
2020-03-25 16:50:21,744164.0,744764.0,2020-03-25 16:50:21
2020-03-25 16:50:22,744164.0,744764.0,2020-03-25 16:50:22
2020-03-25 16:50:23,744164.0,744764.0,2020-03-25 16:50:23
2020-03-25 16:50:24,744164.0,744764.0,2020-03-25 16:50:24
2020-03-25 16:50:25,744164.0,744764.0,2020-03-25 16:50:25
2020-03-25 16:50:26,744164.0,744764.0,2020-03-25 16:50:26
2020-03-25 16:50:27,744164.0,744764.0,2020-03-25 16:50:27
2020-03-25 16:50:28,744236.0,744691.0,2020-03-25 16:50:28
2020-03-25 16:50:29,744236.0,744691.0,2020-03-25 16:50:29
2020-03-25 16:50:30,744236.0,744691.0,2020-03-25 16:50:30
2020-03-25 16:50:31,744236.0,744691.0,2020-03-25 16:50:31
2020-03-25 16:50:32,744236.0,744691.0,2020-03-25 16:50:32
2020-03-25 16:50:34,744236.0,744691.0,2020-03-25 16:50:33
2020-03-25 16:50:35,744236.0,744691.0,2020-03-25 16:50:35
2020-03-25 16:50:36,744236.0,744691.0,2020-03-25 16:50:36
2020-03-25 16:50:37,744241.0,744312.0,2020-03-25 16:50:37
2020-03-25 16:50:38,744241.0,744312.0,2020-03-25 16:50:38
2020-03-25 16:50:39,744241.0,744312.0,2020-03-25 16:50:39
2020-03-25 16:50:40,744241.0,744312.0,2020-03-25 16:50:40
2020-03-25 16:50:41,744241.0,744312.0,2020-03-25 16:50:41
2020-03-25 16:50:42,744241.0,744312.0,2020-03-25 16:50:42
2020-03-25 16:50:43,744241.0,744312.0,2020-03-25 16:50:43
2020-03-25 16:50:44,744241.0,744312.0,2020-03-25 16:50:44
2020-03-25 16:50:45,744241.0,744312.0,2020-03-25 16:50:45
2020-03-25 16:50:46,744241.0,744312.0,2020-03-25 16:50:46
2020-03-25 16:50:47,743672.0,744246.0,2020-03-25 16:50:47
2020-03-25 16:50:48,743672.0,744246.0,2020-03-25 16:50:48
2020-03-25 16:50:49,743672.0,744246.0,2020-03-25 16:50:49
2020-03-25 16:50:50,743672.0,744246.0,2020-03-25 16:50:50
2020-03-25 16:50:52,743672.0,744246.0,2020-03-25 16:50:51
2020-03-25 16:50:53,743672.0,744246.0,2020-03-25 16:50:53
2020-03-25 16:50:54,743672.0,744246.0,2020-03-25 16:50:54
2020-03-25 16:50:55,743672.0,744246.0,2020-03-25 16:50:55
2020-03-25 16:50:56,743745.0,744196.0,2020-03-25 16:50:56
2020-03-25 16:50:57,743745.0,744196.0,2020-03-25 16:50:57
2020-03-25 16:50:58,743745.0,744196.0,2020-03-25 16:50:58
2020-03-25 16:50:59,743745.0,744196.0,2020-03-25 16:50:59
2020-03-25 16:51:00,743745.0,744196.0,2020-03-25 16:51:00
2020-03-25 16:51:01,743745.0,744196.0,2020-03-25 16:51:01
2020-03-25 16:51:02,743745.0,744196.0,2020-03-25 16:51:02
2020-03-25 16:51:03,743745.0,744196.0,2020-03-25 16:51:03
2020-03-25 16:51:04,743745.0,744196.0,2020-03-25 16:51:04
2020-03-25 16:51:05,743516.0,744117.0,2020-03-25 16:51:05
2020-03-25 16:51:06,743516.0,744117.0,2020-03-25 16:51:06
2020-03-25 16:51:07,743516.0,744117.0,2020-03-25 16:51:07
2020-03-25 16:51:08,743516.0,744117.0,2020-03-25 16:51:08
2020-03-25 16:51:10,743516.0,744117.0,2020-03-25 16:51:09
2020-03-25 16:51:11,743516.0,744117.0,2020-03-25 16:51:11
2020-03-25 16:51:12,743516.0,744117.0,2020-03-25 16:51:12
2020-03-25 16:51:13,743516.0,744117.0,2020-03-25 16:51:13
2020-03-25 16:51:14,743516.0,744117.0,2020-03-25 16:51:14
2020-03-25 16:51:15,743520.0,744018.0,2020-03-25 16:51:15
2020-03-25 16:51:16,743520.0,744018.0,2020-03-25 16:51:16
2020-03-25 16:51:17,743520.0,744018.0,2020-03-25 16:51:17
2020-03-25 16:51:18,743520.0,744018.0,2020-03-25 16:51:18
2020-03-25 16:51:19,743520.0,744018.0,2020-03-25 16:51:19
2020-03-25 16:51:20,743520.0,744018.0,2020-03-25 16:51:20
2020-03-25 16:51:21,743520.0,744018.0,2020-03-25 16:51:21
2020-03-25 16:51:22,743520.0,744018.0,2020-03-25 16:51:22
2020-03-25 16:51:23,743520.0,744018.0,2020-03-25 16:51:23
2020-03-25 16:51:25,743520.0,744018.0,2020-03-25 16:51:24
2020-03-25 16:51:26,743520.0,744018.0,2020-03-25 16:51:26
2020-03-25 16:51:27,743513.0,743924.0,2020-03-25 16:51:27
2020-03-25 16:51:28,743513.0,743924.0,2020-03-25 16:51:28
2020-03-25 16:51:29,743513.0,743924.0,2020-03-25 16:51:29
2020-03-25 16:51:30,743513.0,743924.0,2020-03-25 16:51:30
2020-03-25 16:51:31,743513.0,743924.0,2020-03-25 16:51:31
2020-03-25 16:51:32,743513.0,743924.0,2020-03-25 16:51:32
2020-03-25 16:51:33,743513.0,743924.0,2020-03-25 16:51:33
2020-03-25 16:51:34,743513.0,743924.0,2020-03-25 16:51:34
2020-03-25 16:51:35,743513.0,743924.0,2020-03-25 16:51:35
2020-03-25 16:51:36,743047.0,743419.0,2020-03-25 16:51:36
2020-03-25 16:51:37,743047.0,743419.0,2020-03-25 16:51:37
2020-03-25 16:51:38,743047.0,743419.0,2020-03-25 16:51:38
2020-03-25 16:51:39,743047.0,743419.0,2020-03-25 16:51:39
2020-03-25 16:51:41,743047.0,743419.0,2020-03-25 16:51:40
2020-03-25 16:51:42,743047.0,743419.0,2020-03-25 16:51:42
2020-03-25 16:51:43,743047.0,743419.0,2020-03-25 16:51:43
2020-03-25 16:51:44,743047.0,743419.0,2020-03-25 16:51:44
2020-03-25 16:51:45,743047.0,743419.0,2020-03-25 16:51:45
2020-03-25 16:51:46,743047.0,743419.0,2020-03-25 16:51:46
2020-03-25 16:51:47,743165.0,743963.0,2020-03-25 16:51:47
2020-03-25 16:51:48,743165.0,743963.0,2020-03-25 16:51:48
2020-03-25 16:51:49,743165.0,743963.0,2020-03-25 16:51:49
2020-03-25 16:51:50,743165.0,743963.0,2020-03-25 16:51:50
2020-03-25 16:51:51,743165.0,743963.0,2020-03-25 16:51:51
2020-03-25 16:51:52,743165.0,743963.0,2020-03-25 16:51:52
2020-03-25 16:51:53,743165.0,743963.0,2020-03-25 16:51:53
2020-03-25 16:51:54,743165.0,743963.0,2020-03-25 16:51:54
2020-03-25 16:51:55,743165.0,743963.0,2020-03-25 16:51:55
2020-03-25 16:51:57,743165.0,743963.0,2020-03-25 16:51:56
2020-03-25 16:51:58,743274.0,743910.0,2020-03-25 16:51:58
2020-03-25 16:51:59,743274.0,743910.0,2020-03-25 16:51:59
2020-03-25 16:52:00,743274.0,743910.0,2020-03-25 16:52:00
2020-03-25 16:52:01,743274.0,743910.0,2020-03-25 16:52:01
2020-03-25 16:52:02,743274.0,743910.0,2020-03-25 16:52:02
2020-03-25 16:52:03,743274.0,743910.0,2020-03-25 16:52:03
2020-03-25 16:52:04,743274.0,743910.0,2020-03-25 16:52:04
2020-03-25 16:52:05,743349.0,743893.0,2020-03-25 16:52:05
2020-03-25 16:52:06,743349.0,743893.0,2020-03-25 16:52:06
2020-03-25 16:52:07,743349.0,743893.0,2020-03-25 16:52:07
2020-03-25 16:52:08,743349.0,743893.0,2020-03-25 16:52:08
2020-03-25 16:52:09,743349.0,743893.0,2020-03-25 16:52:09
2020-03-25 16:52:10,743349.0,743893.0,2020-03-25 16:52:10
2020-03-25 16:52:11,743349.0,743893.0,2020-03-25 16:52:11
2020-03-25 16:52:13,743349.0,743893.0,2020-03-25 16:52:12
2020-03-25 16:52:14,743349.0,743893.0,2020-03-25 16:52:14
2020-03-25 16:52:15,743349.0,743893.0,2020-03-25 16:52:15
2020-03-25 16:52:16,743349.0,743893.0,2020-03-25 16:52:16
2020-03-25 16:52:17,743624.0,743958.0,2020-03-25 16:52:17
2020-03-25 16:52:18,743624.0,743958.0,2020-03-25 16:52:18
2020-03-25 16:52:19,743624.0,743958.0,2020-03-25 16:52:19
2020-03-25 16:52:20,743624.0,743958.0,2020-03-25 16:52:20
2020-03-25 16:52:21,743624.0,743958.0,2020-03-25 16:52:21
2020-03-25 16:52:22,743624.0,743958.0,2020-03-25 16:52:22
2020-03-25 16:52:23,743624.0,743958.0,2020-03-25 16:52:23
2020-03-25 16:52:24,743624.0,743958.0,2020-03-25 16:52:24
2020-03-25 16:52:25,743530.0,743984.0,2020-03-25 16:52:25
2020-03-25 16:52:26,743530.0,743984.0,2020-03-25 16:52:26
2020-03-25 16:52:27,743530.0,743984.0,2020-03-25 16:52:27
2020-03-25 16:52:28,743530.0,743984.0,2020-03-25 16:52:28
2020-03-25 16:52:30,743530.0,743984.0,2020-03-25 16:52:30
2020-03-25 16:52:31,743530.0,743984.0,2020-03-25 16:52:31
2020-03-25 16:52:32,743530.0,743984.0,2020-03-25 16:52:32
2020-03-25 16:52:33,743530.0,743984.0,2020-03-25 16:52:33
2020-03-25 16:52:34,743530.0,743984.0,2020-03-25 16:52:34
2020-03-25 16:52:35,743684.0,743987.0,2020-03-25 16:52:35
2020-03-25 16:52:36,743684.0,743987.0,2020-03-25 16:52:36
2020-03-25 16:52:37,743684.0,743987.0,2020-03-25 16:52:37
2020-03-25 16:52:38,743684.0,743987.0,2020-03-25 16:52:38
2020-03-25 16:52:39,743684.0,743987.0,2020-03-25 16:52:39
2020-03-25 16:52:40,743684.0,743987.0,2020-03-25 16:52:40
2020-03-25 16:52:41,743684.0,743987.0,2020-03-25 16:52:41
2020-03-25 16:52:42,743684.0,743987.0,2020-03-25 16:52:42
2020-03-25 16:52:43,743684.0,743987.0,2020-03-25 16:52:43
2020-03-25 16:52:44,743684.0,743987.0,2020-03-25 16:52:44
2020-03-25 16:52:45,743684.0,743987.0,2020-03-25 16:52:45
2020-03-25 16:52:47,744376.0,744766.0,2020-03-25 16:52:46
2020-03-25 16:52:48,744376.0,744766.0,2020-03-25 16:52:48
2020-03-25 16:52:49,744376.0,744766.0,2020-03-25 16:52:49
2020-03-25 16:52:50,744376.0,744766.0,2020-03-25 16:52:50
2020-03-25 16:52:51,744376.0,744766.0,2020-03-25 16:52:51
2020-03-25 16:52:52,744376.0,744766.0,2020-03-25 16:52:52
2020-03-25 16:52:53,744376.0,744766.0,2020-03-25 16:52:53
2020-03-25 16:52:54,744376.0,744766.0,2020-03-25 16:52:54
2020-03-25 16:52:55,744480.0,744744.0,2020-03-25 16:52:55
2020-03-25 16:52:56,744480.0,744744.0,2020-03-25 16:52:56
2020-03-25 16:52:57,744480.0,744744.0,2020-03-25 16:52:57
2020-03-25 16:52:58,744480.0,744744.0,2020-03-25 16:52:58
2020-03-25 16:52:59,744480.0,744744.0,2020-03-25 16:52:59
2020-03-25 16:53:00,744480.0,744744.0,2020-03-25 16:53:00
2020-03-25 16:53:01,744480.0,744744.0,2020-03-25 16:53:01
2020-03-25 16:53:02,744480.0,744744.0,2020-03-25 16:53:02
2020-03-25 16:53:03,744480.0,744744.0,2020-03-25 16:53:03
2020-03-25 16:53:05,744480.0,744744.0,2020-03-25 16:53:04
2020-03-25 16:53:06,744156.0,744586.0,2020-03-25 16:53:06
2020-03-25 16:53:07,744156.0,744586.0,2020-03-25 16:53:07
2020-03-25 16:53:08,744156.0,744586.0,2020-03-25 16:53:08
2020-03-25 16:53:09,744156.0,744586.0,2020-03-25 16:53:09
2020-03-25 16:53:10,744156.0,744586.0,2020-03-25 16:53:10
2020-03-25 16:53:11,744156.0,744586.0,2020-03-25 16:53:11
2020-03-25 16:53:12,744156.0,744586.0,2020-03-25 16:53:12
2020-03-25 16:53:13,744156.0,744586.0,2020-03-25 16:53:13
2020-03-25 16:53:14,744156.0,744586.0,2020-03-25 16:53:14
2020-03-25 16:53:15,743456.0,744471.0,2020-03-25 16:53:15
2020-03-25 16:53:16,743456.0,744471.0,2020-03-25 16:53:16
2020-03-25 16:53:17,743456.0,744471.0,2020-03-25 16:53:17
2020-03-25 16:53:18,743456.0,744471.0,2020-03-25 16:53:18
2020-03-25 16:53:20,743456.0,744471.0,2020-03-25 16:53:19
2020-03-25 16:53:21,743456.0,744471.0,2020-03-25 16:53:21
2020-03-25 16:53:22,743456.0,744471.0,2020-03-25 16:53:22
2020-03-25 16:53:23,743456.0,744471.0,2020-03-25 16:53:23
2020-03-25 16:53:24,743456.0,744471.0,2020-03-25 16:53:24
2020-03-25 16:53:25,743549.0,744092.0,2020-03-25 16:53:25
2020-03-25 16:53:26,743549.0,744092.0,2020-03-25 16:53:26
2020-03-25 16:53:27,743549.0,744092.0,2020-03-25 16:53:27
2020-03-25 16:53:28,743549.0,744092.0,2020-03-25 16:53:28
2020-03-25 16:53:29,743549.0,744092.0,2020-03-25 16:53:29
2020-03-25 16:53:30,743549.0,744092.0,2020-03-25 16:53:30
2020-03-25 16:53:31,743549.0,744092.0,2020-03-25 16:53:31
2020-03-25 16:53:32,743549.0,744092.0,2020-03-25 16:53:32
2020-03-25 16:53:33,743549.0,744092.0,2020-03-25 16:53:33
2020-03-25 16:53:34,743549.0,744092.0,2020-03-25 16:53:34
2020-03-25 16:53:35,743549.0,744092.0,2020-03-25 16:53:35
2020-03-25 16:53:36,744079.0,744580.0,2020-03-25 16:53:36
2020-03-25 16:53:37,744079.0,744580.0,2020-03-25 16:53:37
2020-03-25 16:53:39,744079.0,744580.0,2020-03-25 16:53:38
2020-03-25 16:53:40,744079.0,744580.0,2020-03-25 16:53:40
2020-03-25 16:53:41,744079.0,744580.0,2020-03-25 16:53:41
2020-03-25 16:53:42,744079.0,744580.0,2020-03-25 16:53:42
2020-03-25 16:53:43,744079.0,744580.0,2020-03-25 16:53:43
2020-03-25 16:53:44,744079.0,744580.0,2020-03-25 16:53:44
2020-03-25 16:53:45,744079.0,744580.0,2020-03-25 16:53:45
2020-03-25 16:53:46,744313.0,745046.0,2020-03-25 16:53:46
2020-03-25 16:53:47,744313.0,745046.0,2020-03-25 16:53:47
2020-03-25 16:53:48,744313.0,745046.0,2020-03-25 16:53:48
2020-03-25 16:53:49,744313.0,745046.0,2020-03-25 16:53:49
2020-03-25 16:53:50,744313.0,745046.0,2020-03-25 16:53:50
2020-03-25 16:53:51,744313.0,745046.0,2020-03-25 16:53:51
2020-03-25 16:53:52,744313.0,745046.0,2020-03-25 16:53:52
2020-03-25 16:53:53,744313.0,745046.0,2020-03-25 16:53:53
2020-03-25 16:53:54,744313.0,745046.0,2020-03-25 16:53:54
2020-03-25 16:53:55,744344.0,744970.0,2020-03-25 16:53:55
2020-03-25 16:53:57,744344.0,744970.0,2020-03-25 16:53:56
2020-03-25 16:53:58,744344.0,744970.0,2020-03-25 16:53:58
2020-03-25 16:53:59,744344.0,744970.0,2020-03-25 16:53:59
2020-03-25 16:54:00,744344.0,744970.0,2020-03-25 16:54:00
2020-03-25 16:54:01,744344.0,744970.0,2020-03-25 16:54:01
2020-03-25 16:54:02,744344.0,744970.0,2020-03-25 16:54:02
2020-03-25 16:54:03,744344.0,744970.0,2020-03-25 16:54:03
2020-03-25 16:54:04,744344.0,744970.0,2020-03-25 16:54:04
2020-03-25 16:54:05,744344.0,744970.0,2020-03-25 16:54:05
2020-03-25 16:54:06,744320.0,744873.0,2020-03-25 16:54:06
2020-03-25 16:54:07,744320.0,744873.0,2020-03-25 16:54:07
2020-03-25 16:54:08,744320.0,744873.0,2020-03-25 16:54:08
2020-03-25 16:54:09,744320.0,744873.0,2020-03-25 16:54:09
2020-03-25 16:54:10,744320.0,744873.0,2020-03-25 16:54:10
2020-03-25 16:54:11,744320.0,744873.0,2020-03-25 16:54:11
2020-03-25 16:54:12,744320.0,744873.0,2020-03-25 16:54:12
2020-03-25 16:54:13,744320.0,744873.0,2020-03-25 16:54:13
2020-03-25 16:54:15,744320.0,744873.0,2020-03-25 16:54:14
2020-03-25 16:54:16,744320.0,744873.0,2020-03-25 16:54:16
2020-03-25 16:54:17,744401.0,744818.0,2020-03-25 16:54:17
2020-03-25 16:54:18,744401.0,744818.0,2020-03-25 16:54:18
2020-03-25 16:54:19,744401.0,744818.0,2020-03-25 16:54:19
2020-03-25 16:54:20,744401.0,744818.0,2020-03-25 16:54:20
2020-03-25 16:54:21,744401.0,744818.0,2020-03-25 16:54:21
2020-03-25 16:54:22,744401.0,744818.0,2020-03-25 16:54:22
2020-03-25 16:54:23,744401.0,744818.0,2020-03-25 16:54:23
2020-03-25 16:54:24,744401.0,744818.0,2020-03-25 16:54:24
2020-03-25 16:54:25,744401.0,744818.0,2020-03-25 16:54:25
2020-03-25 16:54:26,744401.0,744818.0,2020-03-25 16:54:26
2020-03-25 16:54:27,744517.0,745157.0,2020-03-25 16:54:27
2020-03-25 16:54:28,744517.0,745157.0,2020-03-25 16:54:28
2020-03-25 16:54:29,744517.0,745157.0,2020-03-25 16:54:29
2020-03-25 16:54:30,744517.0,745157.0,2020-03-25 16:54:30
2020-03-25 16:54:31,744517.0,745157.0,2020-03-25 16:54:31
2020-03-25 16:54:33,744517.0,745157.0,2020-03-25 16:54:32
2020-03-25 16:54:34,744517.0,745157.0,2020-03-25 16:54:34
2020-03-25 16:54:35,744517.0,745157.0,2020-03-25 16:54:35
2020-03-25 16:54:36,744897.0,745469.0,2020-03-25 16:54:36
2020-03-25 16:54:37,744897.0,745469.0,2020-03-25 16:54:37
2020-03-25 16:54:38,744897.0,745469.0,2020-03-25 16:54:38
2020-03-25 16:54:39,744897.0,745469.0,2020-03-25 16:54:39
2020-03-25 16:54:40,744897.0,745469.0,2020-03-25 16:54:40
2020-03-25 16:54:41,744897.0,745469.0,2020-03-25 16:54:41
2020-03-25 16:54:42,744897.0,745469.0,2020-03-25 16:54:42
2020-03-25 16:54:43,744897.0,745469.0,2020-03-25 16:54:43
2020-03-25 16:54:44,744897.0,745469.0,2020-03-25 16:54:44
2020-03-25 16:54:45,744897.0,745469.0,2020-03-25 16:54:45
2020-03-25 16:54:46,744897.0,745469.0,2020-03-25 16:54:46
2020-03-25 16:54:47,745424.0,745844.0,2020-03-25 16:54:47
2020-03-25 16:54:48,745424.0,745844.0,2020-03-25 16:54:48
2020-03-25 16:54:50,745424.0,745844.0,2020-03-25 16:54:50
2020-03-25 16:54:51,745424.0,745844.0,2020-03-25 16:54:51
2020-03-25 16:54:52,745424.0,745844.0,2020-03-25 16:54:52
2020-03-25 16:54:53,745424.0,745844.0,2020-03-25 16:54:53
2020-03-25 16:54:54,745424.0,745844.0,2020-03-25 16:54:54
2020-03-25 16:54:55,745424.0,745844.0,2020-03-25 16:54:55
2020-03-25 16:54:56,745424.0,745844.0,2020-03-25 16:54:56
2020-03-25 16:54:57,745424.0,745844.0,2020-03-25 16:54:57
2020-03-25 16:54:58,745424.0,745844.0,2020-03-25 16:54:58
2020-03-25 16:54:59,745622.0,746209.0,2020-03-25 16:54:59
2020-03-25 16:55:00,745622.0,746209.0,2020-03-25 16:55:00
2020-03-25 16:55:01,745622.0,746209.0,2020-03-25 16:55:01
2020-03-25 16:55:02,745622.0,746209.0,2020-03-25 16:55:02
2020-03-25 16:55:03,745622.0,746209.0,2020-03-25 16:55:03
2020-03-25 16:55:04,745622.0,746209.0,2020-03-25 16:55:04
2020-03-25 16:55:06,745622.0,746209.0,2020-03-25 16:55:05
2020-03-25 16:55:07,745455.0,745837.0,2020-03-25 16:55:07
2020-03-25 16:55:08,745455.0,745837.0,2020-03-25 16:55:08
2020-03-25 16:55:09,745455.0,745837.0,2020-03-25 16:55:09
2020-03-25 16:55:10,745455.0,745837.0,2020-03-25 16:55:10
2020-03-25 16:55:11,745455.0,745837.0,2020-03-25 16:55:11
2020-03-25 16:55:12,745455.0,745837.0,2020-03-25 16:55:12
2020-03-25 16:55:13,745455.0,745837.0,2020-03-25 16:55:13
2020-03-25 16:55:14,745455.0,745837.0,2020-03-25 16:55:14
2020-03-25 16:55:15,745455.0,745837.0,2020-03-25 16:55:15
2020-03-25 16:55:16,745455.0,745837.0,2020-03-25 16:55:16
2020-03-25 16:55:17,745455.0,745837.0,2020-03-25 16:55:17
2020-03-25 16:55:18,744940.0,745418.0,2020-03-25 16:55:18
2020-03-25 16:55:19,744940.0,745418.0,2020-03-25 16:55:19
2020-03-25 16:55:20,744940.0,745418.0,2020-03-25 16:55:20
2020-03-25 16:55:21,744940.0,745418.0,2020-03-25 16:55:21
2020-03-25 16:55:22,744940.0,745418.0,2020-03-25 16:55:22
2020-03-25 16:55:23,744940.0,745418.0,2020-03-25 16:55:23
2020-03-25 16:55:25,744940.0,745418.0,2020-03-25 16:55:24
2020-03-25 16:55:26,744940.0,745418.0,2020-03-25 16:55:26
2020-03-25 16:55:27,745197.0,745275.0,2020-03-25 16:55:27
2020-03-25 16:55:28,745197.0,745275.0,2020-03-25 16:55:28
2020-03-25 16:55:29,745197.0,745275.0,2020-03-25 16:55:29
2020-03-25 16:55:30,745197.0,745275.0,2020-03-25 16:55:30
2020-03-25 16:55:31,745197.0,745275.0,2020-03-25 16:55:31
2020-03-25 16:55:32,745197.0,745275.0,2020-03-25 16:55:32
2020-03-25 16:55:33,745197.0,745275.0,2020-03-25 16:55:33
2020-03-25 16:55:34,745197.0,745275.0,2020-03-25 16:55:34
2020-03-25 16:55:35,745197.0,745275.0,2020-03-25 16:55:35
2020-03-25 16:55:36,745114.0,745622.0,2020-03-25 16:55:36
2020-03-25 16:55:37,745114.0,745622.0,2020-03-25 16:55:37
2020-03-25 16:55:38,745114.0,745622.0,2020-03-25 16:55:38
2020-03-25 16:55:40,745114.0,745622.0,2020-03-25 16:55:39
2020-03-25 16:55:41,745114.0,745622.0,2020-03-25 16:55:41
2020-03-25 16:55:42,745114.0,745622.0,2020-03-25 16:55:42
2020-03-25 16:55:43,745114.0,745622.0,2020-03-25 16:55:43
2020-03-25 16:55:44,745114.0,745622.0,2020-03-25 16:55:44
2020-03-25 16:55:45,745114.0,745622.0,2020-03-25 16:55:45
2020-03-25 16:55:46,745209.0,745712.0,2020-03-25 16:55:46
2020-03-25 16:55:47,745209.0,745712.0,2020-03-25 16:55:47
2020-03-25 16:55:48,745209.0,745712.0,2020-03-25 16:55:48
2020-03-25 16:55:49,745209.0,745712.0,2020-03-25 16:55:49
2020-03-25 16:55:50,745209.0,745712.0,2020-03-25 16:55:50
2020-03-25 16:55:51,745209.0,745712.0,2020-03-25 16:55:51
2020-03-25 16:55:52,745209.0,745712.0,2020-03-25 16:55:52
2020-03-25 16:55:53,745209.0,745712.0,2020-03-25 16:55:53
2020-03-25 16:55:54,745209.0,745712.0,2020-03-25 16:55:54
2020-03-25 16:55:55,745209.0,745712.0,2020-03-25 16:55:55
2020-03-25 16:55:56,745209.0,745712.0,2020-03-25 16:55:56
2020-03-25 16:55:57,745209.0,745712.0,2020-03-25 16:55:57
2020-03-25 16:55:59,745091.0,745611.0,2020-03-25 16:55:59
2020-03-25 16:56:00,745091.0,745611.0,2020-03-25 16:56:00
2020-03-25 16:56:01,745091.0,745611.0,2020-03-25 16:56:01
2020-03-25 16:56:02,745091.0,745611.0,2020-03-25 16:56:02
2020-03-25 16:56:03,745091.0,745611.0,2020-03-25 16:56:03
2020-03-25 16:56:04,745091.0,745611.0,2020-03-25 16:56:04
2020-03-25 16:56:05,745091.0,745611.0,2020-03-25 16:56:05
2020-03-25 16:56:06,745226.0,745792.0,2020-03-25 16:56:06
2020-03-25 16:56:07,745226.0,745792.0,2020-03-25 16:56:07
2020-03-25 16:56:08,745226.0,745792.0,2020-03-25 16:56:08
2020-03-25 16:56:09,745226.0,745792.0,2020-03-25 16:56:09
2020-03-25 16:56:10,745226.0,745792.0,2020-03-25 16:56:10
2020-03-25 16:56:11,745226.0,745792.0,2020-03-25 16:56:11
2020-03-25 16:56:13,745226.0,745792.0,2020-03-25 16:56:12
2020-03-25 16:56:14,745226.0,745792.0,2020-03-25 16:56:14
2020-03-25 16:56:15,745226.0,745792.0,2020-03-25 16:56:15
2020-03-25 16:56:16,745226.0,745792.0,2020-03-25 16:56:16
2020-03-25 16:56:17,745226.0,745792.0,2020-03-25 16:56:17
2020-03-25 16:56:18,745301.0,745724.0,2020-03-25 16:56:18
2020-03-25 16:56:19,745301.0,745724.0,2020-03-25 16:56:19
2020-03-25 16:56:20,745301.0,745724.0,2020-03-25 16:56:20
2020-03-25 16:56:21,745301.0,745724.0,2020-03-25 16:56:21
2020-03-25 16:56:22,745301.0,745724.0,2020-03-25 16:56:22
2020-03-25 16:56:23,745301.0,745724.0,2020-03-25 16:56:23
2020-03-25 16:56:24,745301.0,745724.0,2020-03-25 16:56:24
2020-03-25 16:56:25,745301.0,745724.0,2020-03-25 16:56:25
2020-03-25 16:56:26,745301.0,745724.0,2020-03-25 16:56:26
2020-03-25 16:56:27,745301.0,745724.0,2020-03-25 16:56:27
2020-03-25 16:56:28,745301.0,745724.0,2020-03-25 16:56:28
2020-03-25 16:56:30,745301.0,745724.0,2020-03-25 16:56:29
2020-03-25 16:56:31,745522.0,745878.0,2020-03-25 16:56:31
2020-03-25 16:56:32,745522.0,745878.0,2020-03-25 16:56:32
2020-03-25 16:56:33,745522.0,745878.0,2020-03-25 16:56:33
2020-03-25 16:56:34,745522.0,745878.0,2020-03-25 16:56:34
2020-03-25 16:56:35,745522.0,745878.0,2020-03-25 16:56:35
2020-03-25 16:56:36,745329.0,745840.0,2020-03-25 16:56:36
2020-03-25 16:56:37,745329.0,745840.0,2020-03-25 16:56:37
2020-03-25 16:56:38,745329.0,745840.0,2020-03-25 16:56:38
2020-03-25 16:56:39,745329.0,745840.0,2020-03-25 16:56:39
2020-03-25 16:56:40,745329.0,745840.0,2020-03-25 16:56:40
2020-03-25 16:56:41,745329.0,745840.0,2020-03-25 16:56:41
2020-03-25 16:56:42,745329.0,745840.0,2020-03-25 16:56:42
2020-03-25 16:56:43,745329.0,745840.0,2020-03-25 16:56:43
2020-03-25 16:56:44,745329.0,745840.0,2020-03-25 16:56:44
2020-03-25 16:56:45,745329.0,745840.0,2020-03-25 16:56:45
2020-03-25 16:56:47,745329.0,745840.0,2020-03-25 16:56:46
2020-03-25 16:56:48,745488.0,745780.0,2020-03-25 16:56:48
2020-03-25 16:56:49,745488.0,745780.0,2020-03-25 16:56:49
2020-03-25 16:56:50,745488.0,745780.0,2020-03-25 16:56:50
2020-03-25 16:56:51,745488.0,745780.0,2020-03-25 16:56:51
2020-03-25 16:56:52,745488.0,745780.0,2020-03-25 16:56:52
2020-03-25 16:56:53,745488.0,745780.0,2020-03-25 16:56:53
2020-03-25 16:56:54,745488.0,745780.0,2020-03-25 16:56:54
2020-03-25 16:56:55,745488.0,745780.0,2020-03-25 16:56:55
2020-03-25 16:56:56,745488.0,745780.0,2020-03-25 16:56:56
2020-03-25 16:56:57,745488.0,745780.0,2020-03-25 16:56:57
2020-03-25 16:56:58,745512.0,745921.0,2020-03-25 16:56:58
2020-03-25 16:56:59,745512.0,745921.0,2020-03-25 16:56:59
2020-03-25 16:57:00,745512.0,745921.0,2020-03-25 16:57:00
2020-03-25 16:57:02,745512.0,745921.0,2020-03-25 16:57:01
2020-03-25 16:57:03,745512.0,745921.0,2020-03-25 16:57:03
2020-03-25 16:57:04,745512.0,745921.0,2020-03-25 16:57:04
2020-03-25 16:57:05,745586.0,745964.0,2020-03-25 16:57:05
2020-03-25 16:57:06,745586.0,745964.0,2020-03-25 16:57:06
2020-03-25 16:57:07,745586.0,745964.0,2020-03-25 16:57:07
2020-03-25 16:57:08,745586.0,745964.0,2020-03-25 16:57:08
2020-03-25 16:57:09,745586.0,745964.0,2020-03-25 16:57:09
2020-03-25 16:57:10,745586.0,745964.0,2020-03-25 16:57:10
2020-03-25 16:57:11,745586.0,745964.0,2020-03-25 16:57:11
2020-03-25 16:57:12,745586.0,745964.0,2020-03-25 16:57:12
2020-03-25 16:57:13,745586.0,745964.0,2020-03-25 16:57:13
2020-03-25 16:57:14,745586.0,745964.0,2020-03-25 16:57:14
2020-03-25 16:57:15,745005.0,745232.0,2020-03-25 16:57:15
2020-03-25 16:57:16,745005.0,745232.0,2020-03-25 16:57:16
2020-03-25 16:57:18,745005.0,745232.0,2020-03-25 16:57:17
2020-03-25 16:57:19,745005.0,745232.0,2020-03-25 16:57:19
2020-03-25 16:57:20,745005.0,745232.0,2020-03-25 16:57:20
2020-03-25 16:57:21,745005.0,745232.0,2020-03-25 16:57:21
2020-03-25 16:57:22,745005.0,745232.0,2020-03-25 16:57:22
2020-03-25 16:57:23,745005.0,745232.0,2020-03-25 16:57:23
2020-03-25 16:57:24,745005.0,745232.0,2020-03-25 16:57:24
2020-03-25 16:57:25,745355.0,745556.0,2020-03-25 16:57:25
2020-03-25 16:57:26,745355.0,745556.0,2020-03-25 16:57:26
2020-03-25 16:57:27,745355.0,745556.0,2020-03-25 16:57:27
2020-03-25 16:57:28,745355.0,745556.0,2020-03-25 16:57:28
2020-03-25 16:57:30,745355.0,745556.0,2020-03-25 16:57:29
2020-03-25 16:57:31,745355.0,745556.0,2020-03-25 16:57:31
2020-03-25 16:57:32,745355.0,745556.0,2020-03-25 16:57:32
2020-03-25 16:57:33,745355.0,745556.0,2020-03-25 16:57:33
2020-03-25 16:57:34,745355.0,745556.0,2020-03-25 16:57:34
2020-03-25 16:57:35,745355.0,745556.0,2020-03-25 16:57:35
2020-03-25 16:57:36,745097.0,745496.0,2020-03-25 16:57:36
2020-03-25 16:57:37,745097.0,745496.0,2020-03-25 16:57:37
2020-03-25 16:57:38,745097.0,745496.0,2020-03-25 16:57:38
2020-03-25 16:57:39,745097.0,745496.0,2020-03-25 16:57:39
2020-03-25 16:57:40,745097.0,745496.0,2020-03-25 16:57:40
2020-03-25 16:57:41,745097.0,745496.0,2020-03-25 16:57:41
2020-03-25 16:57:42,745097.0,745496.0,2020-03-25 16:57:42
2020-03-25 16:57:43,745097.0,745496.0,2020-03-25 16:57:43
2020-03-25 16:57:44,745097.0,745496.0,2020-03-25 16:57:44
2020-03-25 16:57:45,745097.0,745496.0,2020-03-25 16:57:45
2020-03-25 16:57:46,745200.0,745719.0,2020-03-25 16:57:46
2020-03-25 16:57:47,745200.0,745719.0,2020-03-25 16:57:47
2020-03-25 16:57:49,745200.0,745719.0,2020-03-25 16:57:48
2020-03-25 16:57:50,745200.0,745719.0,2020-03-25 16:57:50
2020-03-25 16:57:51,745200.0,745719.0,2020-03-25 16:57:51
2020-03-25 16:57:52,745200.0,745719.0,2020-03-25 16:57:52
2020-03-25 16:57:53,745200.0,745719.0,2020-03-25 16:57:53
2020-03-25 16:57:54,745200.0,745719.0,2020-03-25 16:57:54
2020-03-25 16:57:55,745200.0,745719.0,2020-03-25 16:57:55
2020-03-25 16:57:56,745060.0,745653.0,2020-03-25 16:57:56
2020-03-25 16:57:57,745060.0,745653.0,2020-03-25 16:57:57
2020-03-25 16:57:58,745060.0,745653.0,2020-03-25 16:57:58
2020-03-25 16:57:59,745060.0,745653.0,2020-03-25 16:57:59
2020-03-25 16:58:00,745060.0,745653.0,2020-03-25 16:58:00
2020-03-25 16:58:01,745060.0,745653.0,2020-03-25 16:58:01
2020-03-25 16:58:02,745060.0,745653.0,2020-03-25 16:58:02
2020-03-25 16:58:03,745060.0,745653.0,2020-03-25 16:58:03
2020-03-25 16:58:04,745060.0,745653.0,2020-03-25 16:58:04
2020-03-25 16:58:06,745224.0,745838.0,2020-03-25 16:58:05
2020-03-25 16:58:07,745224.0,745838.0,2020-03-25 16:58:07
2020-03-25 16:58:08,745224.0,745838.0,2020-03-25 16:58:08
2020-03-25 16:58:09,745224.0,745838.0,2020-03-25 16:58:09
2020-03-25 16:58:10,745224.0,745838.0,2020-03-25 16:58:10
2020-03-25 16:58:11,745224.0,745838.0,2020-03-25 16:58:11
2020-03-25 16:58:12,745224.0,745838.0,2020-03-25 16:58:12
2020-03-25 16:58:13,745224.0,745838.0,2020-03-25 16:58:13
2020-03-25 16:58:14,745224.0,745838.0,2020-03-25 16:58:14
2020-03-25 16:58:15,745224.0,745838.0,2020-03-25 16:58:15
2020-03-25 16:58:16,745191.0,745721.0,2020-03-25 16:58:16
2020-03-25 16:58:17,745191.0,745721.0,2020-03-25 16:58:17
2020-03-25 16:58:18,745191.0,745721.0,2020-03-25 16:58:18
2020-03-25 16:58:19,745191.0,745721.0,2020-03-25 16:58:19
2020-03-25 16:58:20,745191.0,745721.0,2020-03-25 16:58:20
2020-03-25 16:58:21,745191.0,745721.0,2020-03-25 16:58:21
2020-03-25 16:58:22,745191.0,745721.0,2020-03-25 16:58:22
2020-03-25 16:58:24,745191.0,745721.0,2020-03-25 16:58:23
2020-03-25 16:58:25,745191.0,745721.0,2020-03-25 16:58:25
2020-03-25 16:58:26,745285.0,745456.0,2020-03-25 16:58:26
2020-03-25 16:58:27,745285.0,745456.0,2020-03-25 16:58:27
2020-03-25 16:58:28,745285.0,745456.0,2020-03-25 16:58:28
2020-03-25 16:58:29,745285.0,745456.0,2020-03-25 16:58:29
2020-03-25 16:58:30,745285.0,745456.0,2020-03-25 16:58:30
2020-03-25 16:58:31,745285.0,745456.0,2020-03-25 16:58:31
2020-03-25 16:58:32,745285.0,745456.0,2020-03-25 16:58:32
2020-03-25 16:58:33,745285.0,745456.0,2020-03-25 16:58:33
2020-03-25 16:58:34,745285.0,745456.0,2020-03-25 16:58:34
2020-03-25 16:58:35,745378.0,745784.0,2020-03-25 16:58:35
2020-03-25 16:58:36,745378.0,745784.0,2020-03-25 16:58:36
2020-03-25 16:58:37,745378.0,745784.0,2020-03-25 16:58:37
2020-03-25 16:58:38,745378.0,745784.0,2020-03-25 16:58:38
2020-03-25 16:58:39,745378.0,745784.0,2020-03-25 16:58:39
2020-03-25 16:58:40,745378.0,745784.0,2020-03-25 16:58:40
2020-03-25 16:58:41,745378.0,745784.0,2020-03-25 16:58:41
2020-03-25 16:58:42,745378.0,745784.0,2020-03-25 16:58:42
2020-03-25 16:58:44,745378.0,745784.0,2020-03-25 16:58:43
2020-03-25 16:58:45,745378.0,745784.0,2020-03-25 16:58:45
2020-03-25 16:58:46,745378.0,745784.0,2020-03-25 16:58:46
2020-03-25 16:58:47,745378.0,745784.0,2020-03-25 16:58:47
2020-03-25 16:58:48,745378.0,745784.0,2020-03-25 16:58:48
2020-03-25 16:58:49,745009.0,745632.0,2020-03-25 16:58:49
2020-03-25 16:58:50,745009.0,745632.0,2020-03-25 16:58:50
2020-03-25 16:58:51,745009.0,745632.0,2020-03-25 16:58:51
2020-03-25 16:58:52,745009.0,745632.0,2020-03-25 16:58:52
2020-03-25 16:58:53,745009.0,745632.0,2020-03-25 16:58:53
2020-03-25 16:58:54,745009.0,745632.0,2020-03-25 16:58:54
2020-03-25 16:58:55,745009.0,745632.0,2020-03-25 16:58:55
2020-03-25 16:58:56,745188.0,745578.0,2020-03-25 16:58:56
2020-03-25 16:58:57,745188.0,745578.0,2020-03-25 16:58:57
2020-03-25 16:58:58,745188.0,745578.0,2020-03-25 16:58:58
2020-03-25 16:58:59,745188.0,745578.0,2020-03-25 16:58:59
2020-03-25 16:59:00,745188.0,745578.0,2020-03-25 16:59:00
2020-03-25 16:59:02,745188.0,745578.0,2020-03-25 16:59:01
2020-03-25 16:59:03,745188.0,745578.0,2020-03-25 16:59:03
2020-03-25 16:59:04,745188.0,745578.0,2020-03-25 16:59:04
2020-03-25 16:59:05,745188.0,745513.0,2020-03-25 16:59:05
2020-03-25 16:59:06,745188.0,745513.0,2020-03-25 16:59:06
2020-03-25 16:59:07,745188.0,745513.0,2020-03-25 16:59:07
2020-03-25 16:59:08,745188.0,745513.0,2020-03-25 16:59:08
2020-03-25 16:59:09,745188.0,745513.0,2020-03-25 16:59:09
2020-03-25 16:59:10,745188.0,745513.0,2020-03-25 16:59:10
2020-03-25 16:59:11,745188.0,745513.0,2020-03-25 16:59:11
2020-03-25 16:59:12,745188.0,745513.0,2020-03-25 16:59:12
2020-03-25 16:59:13,745188.0,745513.0,2020-03-25 16:59:13
2020-03-25 16:59:14,745188.0,745513.0,2020-03-25 16:59:14
2020-03-25 16:59:15,745188.0,745576.0,2020-03-25 16:59:15
2020-03-25 16:59:16,745188.0,745576.0,2020-03-25 16:59:16
2020-03-25 16:59:17,745188.0,745576.0,2020-03-25 16:59:17
2020-03-25 16:59:19,745188.0,745576.0,2020-03-25 16:59:18
2020-03-25 16:59:20,745188.0,745576.0,2020-03-25 16:59:20
2020-03-25 16:59:21,745188.0,745576.0,2020-03-25 16:59:21
2020-03-25 16:59:22,745188.0,745576.0,2020-03-25 16:59:22
2020-03-25 16:59:23,745188.0,745576.0,2020-03-25 16:59:23
2020-03-25 16:59:24,745188.0,745576.0,2020-03-25 16:59:24
2020-03-25 16:59:25,745188.0,745576.0,2020-03-25 16:59:25
2020-03-25 16:59:26,745189.0,745580.0,2020-03-25 16:59:26
2020-03-25 16:59:27,745189.0,745580.0,2020-03-25 16:59:27
2020-03-25 16:59:28,745189.0,745580.0,2020-03-25 16:59:28
2020-03-25 16:59:29,745189.0,745580.0,2020-03-25 16:59:29
2020-03-25 16:59:30,745189.0,745580.0,2020-03-25 16:59:30
2020-03-25 16:59:31,745189.0,745580.0,2020-03-25 16:59:31
2020-03-25 16:59:32,745189.0,745580.0,2020-03-25 16:59:32
2020-03-25 16:59:33,745189.0,745580.0,2020-03-25 16:59:33
2020-03-25 16:59:34,745189.0,745580.0,2020-03-25 16:59:34
2020-03-25 16:59:36,745189.0,745580.0,2020-03-25 16:59:35
2020-03-25 16:59:37,745814.0,746458.0,2020-03-25 16:59:37
2020-03-25 16:59:38,745814.0,746458.0,2020-03-25 16:59:38
2020-03-25 16:59:39,745814.0,746458.0,2020-03-25 16:59:39
2020-03-25 16:59:40,745814.0,746458.0,2020-03-25 16:59:40
2020-03-25 16:59:41,745814.0,746458.0,2020-03-25 16:59:41
2020-03-25 16:59:42,745814.0,746458.0,2020-03-25 16:59:42
2020-03-25 16:59:43,745814.0,746458.0,2020-03-25 16:59:43
2020-03-25 16:59:44,745814.0,746458.0,2020-03-25 16:59:44
2020-03-25 16:59:45,745814.0,746458.0,2020-03-25 16:59:45
2020-03-25 16:59:46,745814.0,746458.0,2020-03-25 16:59:46
2020-03-25 16:59:47,745907.0,746451.0,2020-03-25 16:59:47
2020-03-25 16:59:48,745907.0,746451.0,2020-03-25 16:59:48
2020-03-25 16:59:49,745907.0,746451.0,2020-03-25 16:59:49
2020-03-25 16:59:50,745907.0,746451.0,2020-03-25 16:59:50
2020-03-25 16:59:51,745907.0,746451.0,2020-03-25 16:59:51
2020-03-25 16:59:53,745907.0,746451.0,2020-03-25 16:59:52
2020-03-25 16:59:54,745907.0,746451.0,2020-03-25 16:59:54
2020-03-25 16:59:55,745907.0,746451.0,2020-03-25 16:59:55
2020-03-25 16:59:56,745968.0,746438.0,2020-03-25 16:59:56
2020-03-25 16:59:57,745968.0,746438.0,2020-03-25 16:59:57
2020-03-25 16:59:58,745968.0,746438.0,2020-03-25 16:59:58
2020-03-25 16:59:59,745968.0,746438.0,2020-03-25 16:59:59
2020-03-25 17:00:00,745968.0,746438.0,2020-03-25 17:00:00
2020-03-25 17:00:01,745968.0,746438.0,2020-03-25 17:00:01
2020-03-25 17:00:02,745968.0,746438.0,2020-03-25 17:00:02
2020-03-25 17:00:03,745968.0,746438.0,2020-03-25 17:00:03
2020-03-25 17:00:05,745968.0,746438.0,2020-03-25 17:00:04
2020-03-25 17:00:06,745968.0,746438.0,2020-03-25 17:00:06
2020-03-25 17:00:07,745968.0,746438.0,2020-03-25 17:00:07
2020-03-25 17:00:08,745968.0,746438.0,2020-03-25 17:00:08
2020-03-25 17:00:09,745968.0,746438.0,2020-03-25 17:00:09
2020-03-25 17:00:10,745818.0,746400.0,2020-03-25 17:00:10
2020-03-25 17:00:11,745818.0,746400.0,2020-03-25 17:00:11
2020-03-25 17:00:12,745818.0,746400.0,2020-03-25 17:00:12
2020-03-25 17:00:13,745818.0,746400.0,2020-03-25 17:00:13
2020-03-25 17:00:15,745818.0,746400.0,2020-03-25 17:00:14
2020-03-25 17:00:16,745818.0,746400.0,2020-03-25 17:00:16
2020-03-25 17:00:17,745818.0,746400.0,2020-03-25 17:00:17
2020-03-25 17:00:18,745818.0,746400.0,2020-03-25 17:00:18
2020-03-25 17:00:19,745818.0,746400.0,2020-03-25 17:00:19
2020-03-25 17:00:20,745818.0,746400.0,2020-03-25 17:00:20
2020-03-25 17:00:21,745953.0,746363.0,2020-03-25 17:00:21
2020-03-25 17:00:22,745953.0,746363.0,2020-03-25 17:00:22
2020-03-25 17:00:23,745953.0,746363.0,2020-03-25 17:00:23
2020-03-25 17:00:24,745953.0,746363.0,2020-03-25 17:00:24
2020-03-25 17:00:25,745953.0,746363.0,2020-03-25 17:00:25
2020-03-25 17:00:26,745953.0,746363.0,2020-03-25 17:00:26
2020-03-25 17:00:27,745953.0,746363.0,2020-03-25 17:00:27
2020-03-25 17:00:28,745953.0,746363.0,2020-03-25 17:00:28
2020-03-25 17:00:29,745953.0,746363.0,2020-03-25 17:00:29
2020-03-25 17:00:31,745953.0,746363.0,2020-03-25 17:00:30
2020-03-25 17:00:32,745899.0,746291.0,2020-03-25 17:00:32
2020-03-25 17:00:33,745899.0,746291.0,2020-03-25 17:00:33
2020-03-25 17:00:34,745899.0,746291.0,2020-03-25 17:00:34
2020-03-25 17:00:35,745899.0,746291.0,2020-03-25 17:00:35
2020-03-25 17:00:36,745899.0,746291.0,2020-03-25 17:00:36
2020-03-25 17:00:37,745899.0,746291.0,2020-03-25 17:00:37
2020-03-25 17:00:38,745899.0,746291.0,2020-03-25 17:00:38
2020-03-25 17:00:39,745899.0,746291.0,2020-03-25 17:00:39
2020-03-25 17:00:40,745352.0,745966.0,2020-03-25 17:00:40
2020-03-25 17:00:41,745352.0,745966.0,2020-03-25 17:00:41
2020-03-25 17:00:42,745352.0,745966.0,2020-03-25 17:00:42
2020-03-25 17:00:43,745352.0,745966.0,2020-03-25 17:00:43
2020-03-25 17:00:44,745352.0,745966.0,2020-03-25 17:00:44
2020-03-25 17:00:45,745352.0,745966.0,2020-03-25 17:00:45
2020-03-25 17:00:47,745352.0,745966.0,2020-03-25 17:00:46
2020-03-25 17:00:48,745352.0,745966.0,2020-03-25 17:00:48
2020-03-25 17:00:49,745352.0,745966.0,2020-03-25 17:00:49
2020-03-25 17:00:50,745352.0,745966.0,2020-03-25 17:00:50
2020-03-25 17:00:51,745349.0,745868.0,2020-03-25 17:00:51
2020-03-25 17:00:52,745349.0,745868.0,2020-03-25 17:00:52
2020-03-25 17:00:53,745349.0,745868.0,2020-03-25 17:00:53
2020-03-25 17:00:54,745349.0,745868.0,2020-03-25 17:00:54
2020-03-25 17:00:55,745349.0,745868.0,2020-03-25 17:00:55
2020-03-25 17:00:56,745349.0,745868.0,2020-03-25 17:00:56
2020-03-25 17:00:57,745349.0,745868.0,2020-03-25 17:00:57
2020-03-25 17:00:58,745349.0,745868.0,2020-03-25 17:00:58
2020-03-25 17:00:59,745349.0,745868.0,2020-03-25 17:00:59
2020-03-25 17:01:00,745188.0,745310.0,2020-03-25 17:01:00
2020-03-25 17:01:01,745188.0,745310.0,2020-03-25 17:01:01
2020-03-25 17:01:02,745188.0,745310.0,2020-03-25 17:01:02
2020-03-25 17:01:04,745188.0,745310.0,2020-03-25 17:01:03
2020-03-25 17:01:05,745188.0,745310.0,2020-03-25 17:01:05
2020-03-25 17:01:06,744819.0,745056.0,2020-03-25 17:01:06
2020-03-25 17:01:07,744819.0,745056.0,2020-03-25 17:01:07
2020-03-25 17:01:08,744819.0,745056.0,2020-03-25 17:01:08
2020-03-25 17:01:09,744819.0,745056.0,2020-03-25 17:01:09
2020-03-25 17:01:10,744819.0,745056.0,2020-03-25 17:01:10
2020-03-25 17:01:11,744819.0,745056.0,2020-03-25 17:01:11
2020-03-25 17:01:12,744819.0,745056.0,2020-03-25 17:01:12
2020-03-25 17:01:13,744819.0,745056.0,2020-03-25 17:01:13
2020-03-25 17:01:14,744819.0,745056.0,2020-03-25 17:01:14
2020-03-25 17:01:15,744819.0,745056.0,2020-03-25 17:01:15
2020-03-25 17:01:16,744819.0,745056.0,2020-03-25 17:01:16
2020-03-25 17:01:18,744819.0,745056.0,2020-03-25 17:01:17
2020-03-25 17:01:19,744986.0,745556.0,2020-03-25 17:01:19
2020-03-25 17:01:20,744986.0,745556.0,2020-03-25 17:01:20
2020-03-25 17:01:21,744986.0,745556.0,2020-03-25 17:01:21
2020-03-25 17:01:22,744986.0,745556.0,2020-03-25 17:01:22
2020-03-25 17:01:23,744986.0,745556.0,2020-03-25 17:01:23
2020-03-25 17:01:24,744986.0,745556.0,2020-03-25 17:01:24
2020-03-25 17:01:25,744986.0,745556.0,2020-03-25 17:01:25
2020-03-25 17:01:26,744772.0,745352.0,2020-03-25 17:01:26
2020-03-25 17:01:27,744772.0,745352.0,2020-03-25 17:01:27
2020-03-25 17:01:28,744772.0,745352.0,2020-03-25 17:01:28
2020-03-25 17:01:29,744772.0,745352.0,2020-03-25 17:01:29
2020-03-25 17:01:30,744772.0,745352.0,2020-03-25 17:01:30
2020-03-25 17:01:32,744772.0,745352.0,2020-03-25 17:01:31
2020-03-25 17:01:33,744772.0,745352.0,2020-03-25 17:01:33
2020-03-25 17:01:34,744772.0,745352.0,2020-03-25 17:01:34
2020-03-25 17:01:35,744772.0,745352.0,2020-03-25 17:01:35
2020-03-25 17:01:36,744772.0,745352.0,2020-03-25 17:01:36
2020-03-25 17:01:37,744328.0,744511.0,2020-03-25 17:01:37
2020-03-25 17:01:38,744328.0,744511.0,2020-03-25 17:01:38
2020-03-25 17:01:39,744328.0,744511.0,2020-03-25 17:01:39
2020-03-25 17:01:40,744328.0,744511.0,2020-03-25 17:01:40
2020-03-25 17:01:41,744328.0,744511.0,2020-03-25 17:01:41
2020-03-25 17:01:42,744328.0,744511.0,2020-03-25 17:01:42
2020-03-25 17:01:43,744328.0,744511.0,2020-03-25 17:01:43
2020-03-25 17:01:44,744328.0,744511.0,2020-03-25 17:01:44
2020-03-25 17:01:45,744328.0,744511.0,2020-03-25 17:01:45
2020-03-25 17:01:46,744414.0,744980.0,2020-03-25 17:01:46
2020-03-25 17:01:47,744414.0,744980.0,2020-03-25 17:01:47
2020-03-25 17:01:49,744414.0,744980.0,2020-03-25 17:01:48
2020-03-25 17:01:50,744414.0,744980.0,2020-03-25 17:01:50
2020-03-25 17:01:51,744414.0,744980.0,2020-03-25 17:01:51
2020-03-25 17:01:52,744414.0,744980.0,2020-03-25 17:01:52
2020-03-25 17:01:53,744414.0,744980.0,2020-03-25 17:01:53
2020-03-25 17:01:54,744414.0,744980.0,2020-03-25 17:01:54
2020-03-25 17:01:55,744414.0,744980.0,2020-03-25 17:01:55
2020-03-25 17:01:56,744438.0,745145.0,2020-03-25 17:01:56
2020-03-25 17:01:57,744438.0,745145.0,2020-03-25 17:01:57
2020-03-25 17:01:58,744438.0,745145.0,2020-03-25 17:01:58
2020-03-25 17:01:59,744438.0,745145.0,2020-03-25 17:01:59
2020-03-25 17:02:00,744438.0,745145.0,2020-03-25 17:02:00
2020-03-25 17:02:01,744438.0,745145.0,2020-03-25 17:02:01
2020-03-25 17:02:02,744438.0,745145.0,2020-03-25 17:02:02
2020-03-25 17:02:04,744438.0,745145.0,2020-03-25 17:02:04
2020-03-25 17:02:05,744888.0,745507.0,2020-03-25 17:02:05
2020-03-25 17:02:06,744888.0,745507.0,2020-03-25 17:02:06
2020-03-25 17:02:07,744888.0,745507.0,2020-03-25 17:02:07
2020-03-25 17:02:08,744888.0,745507.0,2020-03-25 17:02:08
2020-03-25 17:02:09,744888.0,745507.0,2020-03-25 17:02:09
2020-03-25 17:02:10,744888.0,745507.0,2020-03-25 17:02:10
2020-03-25 17:02:11,744888.0,745507.0,2020-03-25 17:02:11
2020-03-25 17:02:12,744888.0,745507.0,2020-03-25 17:02:12
2020-03-25 17:02:13,744888.0,745507.0,2020-03-25 17:02:13
2020-03-25 17:02:14,744888.0,745507.0,2020-03-25 17:02:14
2020-03-25 17:02:15,745209.0,745893.0,2020-03-25 17:02:15
2020-03-25 17:02:16,745209.0,745893.0,2020-03-25 17:02:16
2020-03-25 17:02:17,745209.0,745893.0,2020-03-25 17:02:17
2020-03-25 17:02:19,745209.0,745893.0,2020-03-25 17:02:18
2020-03-25 17:02:20,745209.0,745893.0,2020-03-25 17:02:20
2020-03-25 17:02:21,745209.0,745893.0,2020-03-25 17:02:21
2020-03-25 17:02:22,745209.0,745893.0,2020-03-25 17:02:22
2020-03-25 17:02:23,745209.0,745893.0,2020-03-25 17:02:23
2020-03-25 17:02:24,745209.0,745893.0,2020-03-25 17:02:24
2020-03-25 17:02:25,745120.0,745815.0,2020-03-25 17:02:25
2020-03-25 17:02:26,745120.0,745815.0,2020-03-25 17:02:26
2020-03-25 17:02:27,745120.0,745815.0,2020-03-25 17:02:27
2020-03-25 17:02:28,745120.0,745815.0,2020-03-25 17:02:28
2020-03-25 17:02:29,745120.0,745815.0,2020-03-25 17:02:29
2020-03-25 17:02:30,745120.0,745815.0,2020-03-25 17:02:30
2020-03-25 17:02:32,745120.0,745815.0,2020-03-25 17:02:31
2020-03-25 17:02:33,745120.0,745815.0,2020-03-25 17:02:33
2020-03-25 17:02:34,745120.0,745815.0,2020-03-25 17:02:34
2020-03-25 17:02:35,745000.0,745472.0,2020-03-25 17:02:35
2020-03-25 17:02:36,745000.0,745472.0,2020-03-25 17:02:36
2020-03-25 17:02:37,745000.0,745472.0,2020-03-25 17:02:37
2020-03-25 17:02:38,745000.0,745472.0,2020-03-25 17:02:38
2020-03-25 17:02:39,745000.0,745472.0,2020-03-25 17:02:39
2020-03-25 17:02:40,745000.0,745472.0,2020-03-25 17:02:40
2020-03-25 17:02:41,745000.0,745472.0,2020-03-25 17:02:41
2020-03-25 17:02:42,745000.0,745472.0,2020-03-25 17:02:42
2020-03-25 17:02:43,745000.0,745472.0,2020-03-25 17:02:43
2020-03-25 17:02:44,745000.0,745472.0,2020-03-25 17:02:44
2020-03-25 17:02:46,745005.0,745346.0,2020-03-25 17:02:45
2020-03-25 17:02:47,745005.0,745346.0,2020-03-25 17:02:47
2020-03-25 17:02:48,745005.0,745346.0,2020-03-25 17:02:48
2020-03-25 17:02:49,745005.0,745346.0,2020-03-25 17:02:49
2020-03-25 17:02:50,745005.0,745346.0,2020-03-25 17:02:50
2020-03-25 17:02:51,745005.0,745346.0,2020-03-25 17:02:51
2020-03-25 17:02:52,745005.0,745346.0,2020-03-25 17:02:52
2020-03-25 17:02:53,745005.0,745346.0,2020-03-25 17:02:53
2020-03-25 17:02:54,745005.0,745346.0,2020-03-25 17:02:54
2020-03-25 17:02:55,745005.0,745346.0,2020-03-25 17:02:55
2020-03-25 17:02:56,745005.0,745346.0,2020-03-25 17:02:56
2020-03-25 17:02:57,745005.0,745346.0,2020-03-25 17:02:57
2020-03-25 17:02:58,745000.0,745142.0,2020-03-25 17:02:58
2020-03-25 17:02:59,745000.0,745142.0,2020-03-25 17:02:59
2020-03-25 17:03:00,745000.0,745142.0,2020-03-25 17:03:00
2020-03-25 17:03:02,745000.0,745142.0,2020-03-25 17:03:01
2020-03-25 17:03:03,745000.0,745142.0,2020-03-25 17:03:03
2020-03-25 17:03:04,745000.0,745142.0,2020-03-25 17:03:04
2020-03-25 17:03:05,745000.0,745142.0,2020-03-25 17:03:05
2020-03-25 17:03:06,745000.0,745142.0,2020-03-25 17:03:06
2020-03-25 17:03:08,743845.0,744345.0,2020-03-25 17:03:07
2020-03-25 17:03:09,743845.0,744345.0,2020-03-25 17:03:09
2020-03-25 17:03:10,743845.0,744345.0,2020-03-25 17:03:10
2020-03-25 17:03:11,743845.0,744345.0,2020-03-25 17:03:11
2020-03-25 17:03:12,743845.0,744345.0,2020-03-25 17:03:12
2020-03-25 17:03:13,743845.0,744345.0,2020-03-25 17:03:13
2020-03-25 17:03:14,743845.0,744345.0,2020-03-25 17:03:14
2020-03-25 17:03:15,743845.0,744345.0,2020-03-25 17:03:15
2020-03-25 17:03:16,743845.0,744345.0,2020-03-25 17:03:16
2020-03-25 17:03:17,743845.0,744345.0,2020-03-25 17:03:17
2020-03-25 17:03:18,743845.0,744345.0,2020-03-25 17:03:18
2020-03-25 17:03:19,743845.0,744345.0,2020-03-25 17:03:19
2020-03-25 17:03:20,744130.0,744727.0,2020-03-25 17:03:20
2020-03-25 17:03:22,744130.0,744727.0,2020-03-25 17:03:21
2020-03-25 17:03:23,744130.0,744727.0,2020-03-25 17:03:23
2020-03-25 17:03:24,744130.0,744727.0,2020-03-25 17:03:24
2020-03-25 17:03:25,744130.0,744727.0,2020-03-25 17:03:25
2020-03-25 17:03:26,744130.0,744727.0,2020-03-25 17:03:26
2020-03-25 17:03:27,744130.0,744727.0,2020-03-25 17:03:27
2020-03-25 17:03:28,744008.0,744507.0,2020-03-25 17:03:28
2020-03-25 17:03:29,744008.0,744507.0,2020-03-25 17:03:29
2020-03-25 17:03:30,744008.0,744507.0,2020-03-25 17:03:30
2020-03-25 17:03:31,744008.0,744507.0,2020-03-25 17:03:31
2020-03-25 17:03:32,744008.0,744507.0,2020-03-25 17:03:32
2020-03-25 17:03:33,744008.0,744507.0,2020-03-25 17:03:33
2020-03-25 17:03:34,744008.0,744507.0,2020-03-25 17:03:34
2020-03-25 17:03:35,744008.0,744507.0,2020-03-25 17:03:35
2020-03-25 17:03:36,744008.0,744507.0,2020-03-25 17:03:36
2020-03-25 17:03:37,744008.0,744507.0,2020-03-25 17:03:37
2020-03-25 17:03:38,743818.0,744246.0,2020-03-25 17:03:38
2020-03-25 17:03:39,743818.0,744246.0,2020-03-25 17:03:39
2020-03-25 17:03:41,743818.0,744246.0,2020-03-25 17:03:41
2020-03-25 17:03:42,743818.0,744246.0,2020-03-25 17:03:42
2020-03-25 17:03:43,743818.0,744246.0,2020-03-25 17:03:43
2020-03-25 17:03:44,743818.0,744246.0,2020-03-25 17:03:44
2020-03-25 17:03:45,743818.0,744246.0,2020-03-25 17:03:45
2020-03-25 17:03:46,743818.0,744246.0,2020-03-25 17:03:46
2020-03-25 17:03:47,743869.0,744361.0,2020-03-25 17:03:47
2020-03-25 17:03:48,743869.0,744361.0,2020-03-25 17:03:48
2020-03-25 17:03:49,743869.0,744361.0,2020-03-25 17:03:49
2020-03-25 17:03:50,743869.0,744361.0,2020-03-25 17:03:50
2020-03-25 17:03:51,743869.0,744361.0,2020-03-25 17:03:51
2020-03-25 17:03:52,743869.0,744361.0,2020-03-25 17:03:52
2020-03-25 17:03:53,743869.0,744361.0,2020-03-25 17:03:53
2020-03-25 17:03:54,743869.0,744361.0,2020-03-25 17:03:54
2020-03-25 17:03:55,743869.0,744361.0,2020-03-25 17:03:55
2020-03-25 17:03:57,743869.0,744361.0,2020-03-25 17:03:56
2020-03-25 17:03:58,743869.0,744361.0,2020-03-25 17:03:58
2020-03-25 17:03:59,743861.0,744134.0,2020-03-25 17:03:59
2020-03-25 17:04:00,743861.0,744134.0,2020-03-25 17:04:00
2020-03-25 17:04:01,743861.0,744134.0,2020-03-25 17:04:01
2020-03-25 17:04:02,743861.0,744134.0,2020-03-25 17:04:02
2020-03-25 17:04:03,743861.0,744134.0,2020-03-25 17:04:03
2020-03-25 17:04:04,743861.0,744134.0,2020-03-25 17:04:04
2020-03-25 17:04:05,743685.0,744124.0,2020-03-25 17:04:05
2020-03-25 17:04:06,743685.0,744124.0,2020-03-25 17:04:06
2020-03-25 17:04:07,743685.0,744124.0,2020-03-25 17:04:07
2020-03-25 17:04:08,743685.0,744124.0,2020-03-25 17:04:08
2020-03-25 17:04:09,743685.0,744124.0,2020-03-25 17:04:09
2020-03-25 17:04:10,743685.0,744124.0,2020-03-25 17:04:10
2020-03-25 17:04:11,743685.0,744124.0,2020-03-25 17:04:11
2020-03-25 17:04:12,743685.0,744124.0,2020-03-25 17:04:12
2020-03-25 17:04:14,743685.0,744124.0,2020-03-25 17:04:13
2020-03-25 17:04:15,743685.0,744124.0,2020-03-25 17:04:15
2020-03-25 17:04:16,743685.0,744124.0,2020-03-25 17:04:16
2020-03-25 17:04:17,744559.0,744605.0,2020-03-25 17:04:17
2020-03-25 17:04:18,744559.0,744605.0,2020-03-25 17:04:18
2020-03-25 17:04:19,744559.0,744605.0,2020-03-25 17:04:19
2020-03-25 17:04:20,744559.0,744605.0,2020-03-25 17:04:20
2020-03-25 17:04:21,744559.0,744605.0,2020-03-25 17:04:21
2020-03-25 17:04:22,744559.0,744605.0,2020-03-25 17:04:22
2020-03-25 17:04:23,744559.0,744605.0,2020-03-25 17:04:23
2020-03-25 17:04:24,744559.0,744605.0,2020-03-25 17:04:24
2020-03-25 17:04:25,744559.0,744605.0,2020-03-25 17:04:25
2020-03-25 17:04:26,743819.0,743903.0,2020-03-25 17:04:26
2020-03-25 17:04:27,743819.0,743903.0,2020-03-25 17:04:27
2020-03-25 17:04:28,743819.0,743903.0,2020-03-25 17:04:28
2020-03-25 17:04:29,743819.0,743903.0,2020-03-25 17:04:29
2020-03-25 17:04:30,743819.0,743903.0,2020-03-25 17:04:30
2020-03-25 17:04:32,743819.0,743903.0,2020-03-25 17:04:31
2020-03-25 17:04:33,743819.0,743903.0,2020-03-25 17:04:33
2020-03-25 17:04:34,743819.0,743903.0,2020-03-25 17:04:34
2020-03-25 17:04:35,743819.0,743903.0,2020-03-25 17:04:35
2020-03-25 17:04:36,743819.0,743903.0,2020-03-25 17:04:36
2020-03-25 17:04:37,743777.0,744243.0,2020-03-25 17:04:37
2020-03-25 17:04:38,743777.0,744243.0,2020-03-25 17:04:38
2020-03-25 17:04:39,743777.0,744243.0,2020-03-25 17:04:39
2020-03-25 17:04:40,743777.0,744243.0,2020-03-25 17:04:40
2020-03-25 17:04:41,743777.0,744243.0,2020-03-25 17:04:41
2020-03-25 17:04:42,743777.0,744243.0,2020-03-25 17:04:42
2020-03-25 17:04:43,743777.0,744243.0,2020-03-25 17:04:43
2020-03-25 17:04:44,743777.0,744243.0,2020-03-25 17:04:44
2020-03-25 17:04:45,743841.0,744185.0,2020-03-25 17:04:45
2020-03-25 17:04:46,743841.0,744185.0,2020-03-25 17:04:46
2020-03-25 17:04:47,743841.0,744185.0,2020-03-25 17:04:47
2020-03-25 17:04:48,743841.0,744185.0,2020-03-25 17:04:48
2020-03-25 17:04:50,743841.0,744185.0,2020-03-25 17:04:49
2020-03-25 17:04:51,743841.0,744185.0,2020-03-25 17:04:51
2020-03-25 17:04:52,743841.0,744185.0,2020-03-25 17:04:52
2020-03-25 17:04:53,743841.0,744185.0,2020-03-25 17:04:53
2020-03-25 17:04:54,743841.0,744185.0,2020-03-25 17:04:54
2020-03-25 17:04:55,743841.0,744185.0,2020-03-25 17:04:55
2020-03-25 17:04:56,743841.0,744185.0,2020-03-25 17:04:56
2020-03-25 17:04:57,743841.0,744185.0,2020-03-25 17:04:57
2020-03-25 17:04:58,743744.0,743933.0,2020-03-25 17:04:58
2020-03-25 17:04:59,743744.0,743933.0,2020-03-25 17:04:59
2020-03-25 17:05:00,743744.0,743933.0,2020-03-25 17:05:00
2020-03-25 17:05:01,743744.0,743933.0,2020-03-25 17:05:01
2020-03-25 17:05:02,743744.0,743933.0,2020-03-25 17:05:02
2020-03-25 17:05:03,743744.0,743933.0,2020-03-25 17:05:03
2020-03-25 17:05:05,743744.0,743933.0,2020-03-25 17:05:04
2020-03-25 17:05:06,743744.0,743933.0,2020-03-25 17:05:06
2020-03-25 17:05:07,744037.0,744268.0,2020-03-25 17:05:07
2020-03-25 17:05:08,744037.0,744268.0,2020-03-25 17:05:08
2020-03-25 17:05:09,744037.0,744268.0,2020-03-25 17:05:09
2020-03-25 17:05:10,744037.0,744268.0,2020-03-25 17:05:10
2020-03-25 17:05:11,744037.0,744268.0,2020-03-25 17:05:11
2020-03-25 17:05:12,744037.0,744268.0,2020-03-25 17:05:12
2020-03-25 17:05:13,744037.0,744268.0,2020-03-25 17:05:13
2020-03-25 17:05:14,744037.0,744268.0,2020-03-25 17:05:14
2020-03-25 17:05:15,744037.0,744268.0,2020-03-25 17:05:15
2020-03-25 17:05:16,744037.0,744268.0,2020-03-25 17:05:16
2020-03-25 17:05:17,743876.0,744259.0,2020-03-25 17:05:17
2020-03-25 17:05:18,743876.0,744259.0,2020-03-25 17:05:18
2020-03-25 17:05:19,743876.0,744259.0,2020-03-25 17:05:19
2020-03-25 17:05:20,743876.0,744259.0,2020-03-25 17:05:20
2020-03-25 17:05:21,743876.0,744259.0,2020-03-25 17:05:21
2020-03-25 17:05:23,743876.0,744259.0,2020-03-25 17:05:22
2020-03-25 17:05:24,743876.0,744259.0,2020-03-25 17:05:24
2020-03-25 17:05:25,743876.0,744259.0,2020-03-25 17:05:25
2020-03-25 17:05:26,743876.0,744259.0,2020-03-25 17:05:26
2020-03-25 17:05:27,743921.0,744022.0,2020-03-25 17:05:27
2020-03-25 17:05:28,743921.0,744022.0,2020-03-25 17:05:28
2020-03-25 17:05:29,743921.0,744022.0,2020-03-25 17:05:29
2020-03-25 17:05:30,743921.0,744022.0,2020-03-25 17:05:30
2020-03-25 17:05:31,743921.0,744022.0,2020-03-25 17:05:31
2020-03-25 17:05:32,743921.0,744022.0,2020-03-25 17:05:32
2020-03-25 17:05:33,743921.0,744022.0,2020-03-25 17:05:33
2020-03-25 17:05:34,743921.0,744022.0,2020-03-25 17:05:34
2020-03-25 17:05:35,743921.0,744022.0,2020-03-25 17:05:35
2020-03-25 17:05:36,743921.0,744022.0,2020-03-25 17:05:36
2020-03-25 17:05:37,743921.0,744022.0,2020-03-25 17:05:37
2020-03-25 17:05:39,743921.0,744022.0,2020-03-25 17:05:38
2020-03-25 17:05:40,743921.0,744022.0,2020-03-25 17:05:40
2020-03-25 17:05:41,743964.0,744335.0,2020-03-25 17:05:41
2020-03-25 17:05:42,743964.0,744335.0,2020-03-25 17:05:42
2020-03-25 17:05:43,743964.0,744335.0,2020-03-25 17:05:43
2020-03-25 17:05:44,743964.0,744335.0,2020-03-25 17:05:44
2020-03-25 17:05:45,743964.0,744335.0,2020-03-25 17:05:45
2020-03-25 17:05:46,743964.0,744335.0,2020-03-25 17:05:46
2020-03-25 17:05:47,743964.0,744335.0,2020-03-25 17:05:47
2020-03-25 17:05:48,744001.0,744480.0,2020-03-25 17:05:48
2020-03-25 17:05:49,744001.0,744480.0,2020-03-25 17:05:49
2020-03-25 17:05:50,744001.0,744480.0,2020-03-25 17:05:50
2020-03-25 17:05:52,744001.0,744480.0,2020-03-25 17:05:51
2020-03-25 17:05:53,744001.0,744480.0,2020-03-25 17:05:53
2020-03-25 17:05:54,744001.0,744480.0,2020-03-25 17:05:54
2020-03-25 17:05:55,744001.0,744480.0,2020-03-25 17:05:55
2020-03-25 17:05:56,744001.0,744480.0,2020-03-25 17:05:56
2020-03-25 17:05:57,744001.0,744480.0,2020-03-25 17:05:57
2020-03-25 17:05:58,744099.0,744500.0,2020-03-25 17:05:58
2020-03-25 17:05:59,744099.0,744500.0,2020-03-25 17:05:59
2020-03-25 17:06:00,744099.0,744500.0,2020-03-25 17:06:00
2020-03-25 17:06:01,744099.0,744500.0,2020-03-25 17:06:01
2020-03-25 17:06:02,744099.0,744500.0,2020-03-25 17:06:02
2020-03-25 17:06:03,744099.0,744500.0,2020-03-25 17:06:03
2020-03-25 17:06:04,744099.0,744500.0,2020-03-25 17:06:04
2020-03-25 17:06:05,744140.0,744499.0,2020-03-25 17:06:05
2020-03-25 17:06:06,744140.0,744499.0,2020-03-25 17:06:06
2020-03-25 17:06:08,744140.0,744499.0,2020-03-25 17:06:07
2020-03-25 17:06:09,744140.0,744499.0,2020-03-25 17:06:09
2020-03-25 17:06:10,744140.0,744499.0,2020-03-25 17:06:10
2020-03-25 17:06:11,744140.0,744499.0,2020-03-25 17:06:11
2020-03-25 17:06:12,744140.0,744499.0,2020-03-25 17:06:12
2020-03-25 17:06:13,744140.0,744499.0,2020-03-25 17:06:13
2020-03-25 17:06:14,744140.0,744499.0,2020-03-25 17:06:14
2020-03-25 17:06:15,744140.0,744499.0,2020-03-25 17:06:15
2020-03-25 17:06:16,744190.0,744507.0,2020-03-25 17:06:16
2020-03-25 17:06:17,744190.0,744507.0,2020-03-25 17:06:17
2020-03-25 17:06:18,744190.0,744507.0,2020-03-25 17:06:18
2020-03-25 17:06:19,744190.0,744507.0,2020-03-25 17:06:19
2020-03-25 17:06:20,744190.0,744507.0,2020-03-25 17:06:20
2020-03-25 17:06:21,744190.0,744507.0,2020-03-25 17:06:21
2020-03-25 17:06:22,744190.0,744507.0,2020-03-25 17:06:22
2020-03-25 17:06:23,744190.0,744507.0,2020-03-25 17:06:23
2020-03-25 17:06:25,744190.0,744507.0,2020-03-25 17:06:24
2020-03-25 17:06:26,744190.0,744507.0,2020-03-25 17:06:26
2020-03-25 17:06:27,744190.0,744507.0,2020-03-25 17:06:27
2020-03-25 17:06:28,744307.0,744480.0,2020-03-25 17:06:28
2020-03-25 17:06:29,744307.0,744480.0,2020-03-25 17:06:29
2020-03-25 17:06:30,744307.0,744480.0,2020-03-25 17:06:30
2020-03-25 17:06:31,744307.0,744480.0,2020-03-25 17:06:31
2020-03-25 17:06:32,744307.0,744480.0,2020-03-25 17:06:32
2020-03-25 17:06:33,744307.0,744480.0,2020-03-25 17:06:33
2020-03-25 17:06:34,744307.0,744480.0,2020-03-25 17:06:34
2020-03-25 17:06:35,744307.0,744480.0,2020-03-25 17:06:35
2020-03-25 17:06:36,744480.0,744505.0,2020-03-25 17:06:36
2020-03-25 17:06:37,744480.0,744505.0,2020-03-25 17:06:37
2020-03-25 17:06:38,744480.0,744505.0,2020-03-25 17:06:38
2020-03-25 17:06:39,744480.0,744505.0,2020-03-25 17:06:39
2020-03-25 17:06:40,744480.0,744505.0,2020-03-25 17:06:40
2020-03-25 17:06:42,744480.0,744505.0,2020-03-25 17:06:41
2020-03-25 17:06:43,744480.0,744505.0,2020-03-25 17:06:43
2020-03-25 17:06:44,744480.0,744505.0,2020-03-25 17:06:44
2020-03-25 17:06:45,744480.0,744505.0,2020-03-25 17:06:45
2020-03-25 17:06:46,744157.0,744471.0,2020-03-25 17:06:46
2020-03-25 17:06:47,744157.0,744471.0,2020-03-25 17:06:47
2020-03-25 17:06:48,744157.0,744471.0,2020-03-25 17:06:48
2020-03-25 17:06:49,744157.0,744471.0,2020-03-25 17:06:49
2020-03-25 17:06:50,744157.0,744471.0,2020-03-25 17:06:50
2020-03-25 17:06:51,744157.0,744471.0,2020-03-25 17:06:51
2020-03-25 17:06:52,744157.0,744471.0,2020-03-25 17:06:52
2020-03-25 17:06:53,744157.0,744471.0,2020-03-25 17:06:53
2020-03-25 17:06:54,744157.0,744471.0,2020-03-25 17:06:54
2020-03-25 17:06:55,744157.0,744471.0,2020-03-25 17:06:55
2020-03-25 17:06:56,744086.0,744433.0,2020-03-25 17:06:56
2020-03-25 17:06:57,744086.0,744433.0,2020-03-25 17:06:57
2020-03-25 17:06:58,744086.0,744433.0,2020-03-25 17:06:58
2020-03-25 17:06:59,744086.0,744433.0,2020-03-25 17:06:59
2020-03-25 17:07:01,744086.0,744433.0,2020-03-25 17:07:00
2020-03-25 17:07:02,744086.0,744433.0,2020-03-25 17:07:02
2020-03-25 17:07:03,744086.0,744433.0,2020-03-25 17:07:03
2020-03-25 17:07:04,744086.0,744433.0,2020-03-25 17:07:04
2020-03-25 17:07:05,744104.0,744503.0,2020-03-25 17:07:05
2020-03-25 17:07:06,744104.0,744503.0,2020-03-25 17:07:06
2020-03-25 17:07:07,744104.0,744503.0,2020-03-25 17:07:07
2020-03-25 17:07:08,744104.0,744503.0,2020-03-25 17:07:08
2020-03-25 17:07:09,744104.0,744503.0,2020-03-25 17:07:09
2020-03-25 17:07:10,744104.0,744503.0,2020-03-25 17:07:10
2020-03-25 17:07:11,744104.0,744503.0,2020-03-25 17:07:11
2020-03-25 17:07:12,744104.0,744503.0,2020-03-25 17:07:12
2020-03-25 17:07:13,744104.0,744503.0,2020-03-25 17:07:13
2020-03-25 17:07:14,744104.0,744503.0,2020-03-25 17:07:14
2020-03-25 17:07:15,743675.0,743759.0,2020-03-25 17:07:15
2020-03-25 17:07:16,743675.0,743759.0,2020-03-25 17:07:16
2020-03-25 17:07:18,743675.0,743759.0,2020-03-25 17:07:17
2020-03-25 17:07:19,743675.0,743759.0,2020-03-25 17:07:19
2020-03-25 17:07:20,743675.0,743759.0,2020-03-25 17:07:20
2020-03-25 17:07:21,743675.0,743759.0,2020-03-25 17:07:21
2020-03-25 17:07:22,743675.0,743759.0,2020-03-25 17:07:22
2020-03-25 17:07:23,743675.0,743759.0,2020-03-25 17:07:23
2020-03-25 17:07:24,743675.0,743759.0,2020-03-25 17:07:24
2020-03-25 17:07:25,743675.0,743759.0,2020-03-25 17:07:25
2020-03-25 17:07:26,743500.0,743708.0,2020-03-25 17:07:26
2020-03-25 17:07:27,743500.0,743708.0,2020-03-25 17:07:27
2020-03-25 17:07:28,743500.0,743708.0,2020-03-25 17:07:28
2020-03-25 17:07:29,743500.0,743708.0,2020-03-25 17:07:29
2020-03-25 17:07:30,743500.0,743708.0,2020-03-25 17:07:30
2020-03-25 17:07:31,743500.0,743708.0,2020-03-25 17:07:31
2020-03-25 17:07:32,743500.0,743708.0,2020-03-25 17:07:32
2020-03-25 17:07:33,743500.0,743708.0,2020-03-25 17:07:33
2020-03-25 17:07:35,743500.0,743708.0,2020-03-25 17:07:34
2020-03-25 17:07:36,742868.0,743086.0,2020-03-25 17:07:36
2020-03-25 17:07:37,742868.0,743086.0,2020-03-25 17:07:37
2020-03-25 17:07:38,742868.0,743086.0,2020-03-25 17:07:38
2020-03-25 17:07:39,742868.0,743086.0,2020-03-25 17:07:39
2020-03-25 17:07:40,742868.0,743086.0,2020-03-25 17:07:40
2020-03-25 17:07:41,742868.0,743086.0,2020-03-25 17:07:41
2020-03-25 17:07:42,742868.0,743086.0,2020-03-25 17:07:42
2020-03-25 17:07:43,742868.0,743086.0,2020-03-25 17:07:43
2020-03-25 17:07:44,742868.0,743086.0,2020-03-25 17:07:44
2020-03-25 17:07:45,742868.0,743086.0,2020-03-25 17:07:45
2020-03-25 17:07:47,742503.0,742722.0,2020-03-25 17:07:46
2020-03-25 17:07:48,742503.0,742722.0,2020-03-25 17:07:48
2020-03-25 17:07:49,742503.0,742722.0,2020-03-25 17:07:49
2020-03-25 17:07:50,742503.0,742722.0,2020-03-25 17:07:50
2020-03-25 17:07:51,742503.0,742722.0,2020-03-25 17:07:51
2020-03-25 17:07:52,742503.0,742722.0,2020-03-25 17:07:52
2020-03-25 17:07:53,742503.0,742722.0,2020-03-25 17:07:53
2020-03-25 17:07:54,742503.0,742722.0,2020-03-25 17:07:54
2020-03-25 17:07:55,742503.0,742722.0,2020-03-25 17:07:55
2020-03-25 17:07:56,742503.0,742722.0,2020-03-25 17:07:56
2020-03-25 17:07:57,742503.0,742722.0,2020-03-25 17:07:57
2020-03-25 17:07:58,742503.0,742722.0,2020-03-25 17:07:58
2020-03-25 17:07:59,742521.0,742770.0,2020-03-25 17:07:59
2020-03-25 17:08:00,742521.0,742770.0,2020-03-25 17:08:00
2020-03-25 17:08:01,742521.0,742770.0,2020-03-25 17:08:01
2020-03-25 17:08:02,742521.0,742770.0,2020-03-25 17:08:02
2020-03-25 17:08:03,742521.0,742770.0,2020-03-25 17:08:03
2020-03-25 17:08:05,742843.0,742935.0,2020-03-25 17:08:04
2020-03-25 17:08:06,742843.0,742935.0,2020-03-25 17:08:06
2020-03-25 17:08:07,742843.0,742935.0,2020-03-25 17:08:07
2020-03-25 17:08:08,742843.0,742935.0,2020-03-25 17:08:08
2020-03-25 17:08:09,742843.0,742935.0,2020-03-25 17:08:09
2020-03-25 17:08:10,742843.0,742935.0,2020-03-25 17:08:10
2020-03-25 17:08:11,742843.0,742935.0,2020-03-25 17:08:11
2020-03-25 17:08:12,742843.0,742935.0,2020-03-25 17:08:12
2020-03-25 17:08:13,742843.0,742935.0,2020-03-25 17:08:13
2020-03-25 17:08:14,742843.0,742935.0,2020-03-25 17:08:14
2020-03-25 17:08:15,742843.0,742935.0,2020-03-25 17:08:15
2020-03-25 17:08:16,742521.0,742810.0,2020-03-25 17:08:16
2020-03-25 17:08:18,742521.0,742810.0,2020-03-25 17:08:17
2020-03-25 17:08:19,742521.0,742810.0,2020-03-25 17:08:19
2020-03-25 17:08:20,742521.0,742810.0,2020-03-25 17:08:20
2020-03-25 17:08:21,742521.0,742810.0,2020-03-25 17:08:21
2020-03-25 17:08:22,742521.0,742810.0,2020-03-25 17:08:22
2020-03-25 17:08:23,742521.0,742810.0,2020-03-25 17:08:23
2020-03-25 17:08:24,742521.0,742810.0,2020-03-25 17:08:24
2020-03-25 17:08:25,742521.0,742810.0,2020-03-25 17:08:25
2020-03-25 17:08:26,742640.0,743000.0,2020-03-25 17:08:26
2020-03-25 17:08:27,742640.0,743000.0,2020-03-25 17:08:27
2020-03-25 17:08:28,742640.0,743000.0,2020-03-25 17:08:28
2020-03-25 17:08:29,742640.0,743000.0,2020-03-25 17:08:29
2020-03-25 17:08:30,742640.0,743000.0,2020-03-25 17:08:30
2020-03-25 17:08:31,742640.0,743000.0,2020-03-25 17:08:31
2020-03-25 17:08:32,742640.0,743000.0,2020-03-25 17:08:32
2020-03-25 17:08:33,742640.0,743000.0,2020-03-25 17:08:33
2020-03-25 17:08:35,742640.0,743000.0,2020-03-25 17:08:34
2020-03-25 17:08:36,742640.0,743000.0,2020-03-25 17:08:36
2020-03-25 17:08:37,742615.0,743173.0,2020-03-25 17:08:37
2020-03-25 17:08:38,742615.0,743173.0,2020-03-25 17:08:38
2020-03-25 17:08:39,742615.0,743173.0,2020-03-25 17:08:39
2020-03-25 17:08:40,742615.0,743173.0,2020-03-25 17:08:40
2020-03-25 17:08:41,742615.0,743173.0,2020-03-25 17:08:41
2020-03-25 17:08:42,742615.0,743173.0,2020-03-25 17:08:42
2020-03-25 17:08:43,742615.0,743173.0,2020-03-25 17:08:43
2020-03-25 17:08:44,742615.0,743173.0,2020-03-25 17:08:44
2020-03-25 17:08:45,742812.0,743187.0,2020-03-25 17:08:45
2020-03-25 17:08:46,742812.0,743187.0,2020-03-25 17:08:46
2020-03-25 17:08:47,742812.0,743187.0,2020-03-25 17:08:47
2020-03-25 17:08:48,742812.0,743187.0,2020-03-25 17:08:48
2020-03-25 17:08:49,742812.0,743187.0,2020-03-25 17:08:49
2020-03-25 17:08:50,742812.0,743187.0,2020-03-25 17:08:50
2020-03-25 17:08:51,742812.0,743187.0,2020-03-25 17:08:51
2020-03-25 17:08:53,742812.0,743187.0,2020-03-25 17:08:52
2020-03-25 17:08:54,742812.0,743187.0,2020-03-25 17:08:54
2020-03-25 17:08:55,742812.0,743187.0,2020-03-25 17:08:55
2020-03-25 17:08:56,742929.0,743331.0,2020-03-25 17:08:56
2020-03-25 17:08:57,742929.0,743331.0,2020-03-25 17:08:57
2020-03-25 17:08:58,742929.0,743331.0,2020-03-25 17:08:58
2020-03-25 17:08:59,742929.0,743331.0,2020-03-25 17:08:59
2020-03-25 17:09:00,742929.0,743331.0,2020-03-25 17:09:00
2020-03-25 17:09:01,742929.0,743331.0,2020-03-25 17:09:01
2020-03-25 17:09:02,742929.0,743331.0,2020-03-25 17:09:02
2020-03-25 17:09:03,742929.0,743331.0,2020-03-25 17:09:03
2020-03-25 17:09:04,742929.0,743331.0,2020-03-25 17:09:04
2020-03-25 17:09:05,742654.0,743179.0,2020-03-25 17:09:05
2020-03-25 17:09:06,742654.0,743179.0,2020-03-25 17:09:06
2020-03-25 17:09:07,742654.0,743179.0,2020-03-25 17:09:07
2020-03-25 17:09:08,742654.0,743179.0,2020-03-25 17:09:08
2020-03-25 17:09:09,742654.0,743179.0,2020-03-25 17:09:09
2020-03-25 17:09:11,742654.0,743179.0,2020-03-25 17:09:10
2020-03-25 17:09:12,742654.0,743179.0,2020-03-25 17:09:12
2020-03-25 17:09:13,742654.0,743179.0,2020-03-25 17:09:13
2020-03-25 17:09:14,742654.0,743179.0,2020-03-25 17:09:14
2020-03-25 17:09:15,742654.0,743179.0,2020-03-25 17:09:15
2020-03-25 17:09:16,742504.0,743031.0,2020-03-25 17:09:16
2020-03-25 17:09:17,742504.0,743031.0,2020-03-25 17:09:17
2020-03-25 17:09:18,742504.0,743031.0,2020-03-25 17:09:18
2020-03-25 17:09:19,742504.0,743031.0,2020-03-25 17:09:19
2020-03-25 17:09:20,742504.0,743031.0,2020-03-25 17:09:20
2020-03-25 17:09:21,742504.0,743031.0,2020-03-25 17:09:21
2020-03-25 17:09:22,742504.0,743031.0,2020-03-25 17:09:22
2020-03-25 17:09:23,742504.0,743031.0,2020-03-25 17:09:23
2020-03-25 17:09:24,742504.0,743031.0,2020-03-25 17:09:24
2020-03-25 17:09:25,742504.0,743031.0,2020-03-25 17:09:25
2020-03-25 17:09:26,742514.0,742963.0,2020-03-25 17:09:26
2020-03-25 17:09:28,742514.0,742963.0,2020-03-25 17:09:27
2020-03-25 17:09:29,742514.0,742963.0,2020-03-25 17:09:29
2020-03-25 17:09:30,742514.0,742963.0,2020-03-25 17:09:30
2020-03-25 17:09:31,742514.0,742963.0,2020-03-25 17:09:31
2020-03-25 17:09:32,742514.0,742963.0,2020-03-25 17:09:32
2020-03-25 17:09:33,742514.0,742963.0,2020-03-25 17:09:33
2020-03-25 17:09:34,742514.0,742963.0,2020-03-25 17:09:34
2020-03-25 17:09:35,742514.0,742963.0,2020-03-25 17:09:35
2020-03-25 17:09:36,742700.0,743200.0,2020-03-25 17:09:36
2020-03-25 17:09:37,742700.0,743200.0,2020-03-25 17:09:37
2020-03-25 17:09:38,742700.0,743200.0,2020-03-25 17:09:38
2020-03-25 17:09:39,742700.0,743200.0,2020-03-25 17:09:39
2020-03-25 17:09:40,742700.0,743200.0,2020-03-25 17:09:40
2020-03-25 17:09:41,742700.0,743200.0,2020-03-25 17:09:41
2020-03-25 17:09:42,742700.0,743200.0,2020-03-25 17:09:42
2020-03-25 17:09:43,742700.0,743200.0,2020-03-25 17:09:43
2020-03-25 17:09:45,742700.0,743200.0,2020-03-25 17:09:44
2020-03-25 17:09:46,742967.0,743402.0,2020-03-25 17:09:46
2020-03-25 17:09:47,742967.0,743402.0,2020-03-25 17:09:47
2020-03-25 17:09:48,742967.0,743402.0,2020-03-25 17:09:48
2020-03-25 17:09:49,742967.0,743402.0,2020-03-25 17:09:49
2020-03-25 17:09:50,742967.0,743402.0,2020-03-25 17:09:50
2020-03-25 17:09:51,742967.0,743402.0,2020-03-25 17:09:51
2020-03-25 17:09:52,742967.0,743402.0,2020-03-25 17:09:52
2020-03-25 17:09:53,742967.0,743402.0,2020-03-25 17:09:53
2020-03-25 17:09:54,742967.0,743402.0,2020-03-25 17:09:54
2020-03-25 17:09:55,742967.0,743402.0,2020-03-25 17:09:55
2020-03-25 17:09:56,742967.0,743402.0,2020-03-25 17:09:56
2020-03-25 17:09:57,742967.0,743402.0,2020-03-25 17:09:57
2020-03-25 17:09:58,743362.0,743787.0,2020-03-25 17:09:58
2020-03-25 17:09:59,743362.0,743787.0,2020-03-25 17:09:59
2020-03-25 17:10:00,743362.0,743787.0,2020-03-25 17:10:00
2020-03-25 17:10:01,743362.0,743787.0,2020-03-25 17:10:01
2020-03-25 17:10:03,743362.0,743787.0,2020-03-25 17:10:02
2020-03-25 17:10:04,743362.0,743787.0,2020-03-25 17:10:04
2020-03-25 17:10:05,743362.0,743787.0,2020-03-25 17:10:05
2020-03-25 17:10:06,743362.0,743787.0,2020-03-25 17:10:06
2020-03-25 17:10:07,743362.0,743787.0,2020-03-25 17:10:07
2020-03-25 17:10:08,743418.0,743617.0,2020-03-25 17:10:08
2020-03-25 17:10:09,743418.0,743617.0,2020-03-25 17:10:09
2020-03-25 17:10:10,743418.0,743617.0,2020-03-25 17:10:10
2020-03-25 17:10:12,743418.0,743617.0,2020-03-25 17:10:11
2020-03-25 17:10:13,743418.0,743617.0,2020-03-25 17:10:13
2020-03-25 17:10:14,743418.0,743617.0,2020-03-25 17:10:14
2020-03-25 17:10:15,743418.0,743617.0,2020-03-25 17:10:15
2020-03-25 17:10:16,743418.0,743617.0,2020-03-25 17:10:16
2020-03-25 17:10:17,743418.0,743617.0,2020-03-25 17:10:17
2020-03-25 17:10:18,743418.0,743617.0,2020-03-25 17:10:18
2020-03-25 17:10:19,743136.0,743597.0,2020-03-25 17:10:19
2020-03-25 17:10:20,743136.0,743597.0,2020-03-25 17:10:20
2020-03-25 17:10:21,743136.0,743597.0,2020-03-25 17:10:21
2020-03-25 17:10:22,743136.0,743597.0,2020-03-25 17:10:22
2020-03-25 17:10:23,743136.0,743597.0,2020-03-25 17:10:23
2020-03-25 17:10:24,743136.0,743597.0,2020-03-25 17:10:24
2020-03-25 17:10:25,743136.0,743597.0,2020-03-25 17:10:25
2020-03-25 17:10:26,743136.0,743597.0,2020-03-25 17:10:26
2020-03-25 17:10:28,743136.0,743597.0,2020-03-25 17:10:27
2020-03-25 17:10:29,743050.0,743532.0,2020-03-25 17:10:29
2020-03-25 17:10:30,743050.0,743532.0,2020-03-25 17:10:30
2020-03-25 17:10:31,743050.0,743532.0,2020-03-25 17:10:31
2020-03-25 17:10:32,743050.0,743532.0,2020-03-25 17:10:32
2020-03-25 17:10:33,743050.0,743532.0,2020-03-25 17:10:33
2020-03-25 17:10:34,743050.0,743532.0,2020-03-25 17:10:34
2020-03-25 17:10:35,743050.0,743532.0,2020-03-25 17:10:35
2020-03-25 17:10:36,743050.0,743532.0,2020-03-25 17:10:36
2020-03-25 17:10:37,743050.0,743532.0,2020-03-25 17:10:37
2020-03-25 17:10:38,743097.0,743488.0,2020-03-25 17:10:38
2020-03-25 17:10:39,743097.0,743488.0,2020-03-25 17:10:39
2020-03-25 17:10:40,743097.0,743488.0,2020-03-25 17:10:40
2020-03-25 17:10:41,743097.0,743488.0,2020-03-25 17:10:41
2020-03-25 17:10:42,743097.0,743488.0,2020-03-25 17:10:42
2020-03-25 17:10:43,743097.0,743488.0,2020-03-25 17:10:43
2020-03-25 17:10:45,743097.0,743488.0,2020-03-25 17:10:44
2020-03-25 17:10:46,743097.0,743488.0,2020-03-25 17:10:46
2020-03-25 17:10:47,743097.0,743488.0,2020-03-25 17:10:47
2020-03-25 17:10:48,743097.0,743488.0,2020-03-25 17:10:48
2020-03-25 17:10:49,742731.0,742817.0,2020-03-25 17:10:49
2020-03-25 17:10:50,742731.0,742817.0,2020-03-25 17:10:50
2020-03-25 17:10:51,742731.0,742817.0,2020-03-25 17:10:51
2020-03-25 17:10:52,742731.0,742817.0,2020-03-25 17:10:52
2020-03-25 17:10:53,742731.0,742817.0,2020-03-25 17:10:53
2020-03-25 17:10:54,742731.0,742817.0,2020-03-25 17:10:54
2020-03-25 17:10:55,742731.0,742817.0,2020-03-25 17:10:55
2020-03-25 17:10:56,742731.0,742817.0,2020-03-25 17:10:56
2020-03-25 17:10:57,742731.0,742817.0,2020-03-25 17:10:57
2020-03-25 17:10:58,742731.0,742817.0,2020-03-25 17:10:58
2020-03-25 17:10:59,743000.0,743305.0,2020-03-25 17:10:59
2020-03-25 17:11:00,743000.0,743305.0,2020-03-25 17:11:00
2020-03-25 17:11:02,743000.0,743305.0,2020-03-25 17:11:01
2020-03-25 17:11:03,743000.0,743305.0,2020-03-25 17:11:03
2020-03-25 17:11:04,743000.0,743305.0,2020-03-25 17:11:04
2020-03-25 17:11:05,743000.0,743294.0,2020-03-25 17:11:05
2020-03-25 17:11:06,743000.0,743294.0,2020-03-25 17:11:06
2020-03-25 17:11:07,743000.0,743294.0,2020-03-25 17:11:07
2020-03-25 17:11:08,743000.0,743294.0,2020-03-25 17:11:08
2020-03-25 17:11:09,743000.0,743294.0,2020-03-25 17:11:09
2020-03-25 17:11:10,743000.0,743294.0,2020-03-25 17:11:10
2020-03-25 17:11:11,743000.0,743294.0,2020-03-25 17:11:11
2020-03-25 17:11:12,743000.0,743294.0,2020-03-25 17:11:12
2020-03-25 17:11:13,743000.0,743294.0,2020-03-25 17:11:13
2020-03-25 17:11:14,743000.0,743294.0,2020-03-25 17:11:14
2020-03-25 17:11:15,743000.0,743294.0,2020-03-25 17:11:15
2020-03-25 17:11:16,742642.0,743231.0,2020-03-25 17:11:16
2020-03-25 17:11:17,742642.0,743231.0,2020-03-25 17:11:17
2020-03-25 17:11:19,742642.0,743231.0,2020-03-25 17:11:19
2020-03-25 17:11:20,742642.0,743231.0,2020-03-25 17:11:20
2020-03-25 17:11:21,742642.0,743231.0,2020-03-25 17:11:21
2020-03-25 17:11:22,742642.0,743231.0,2020-03-25 17:11:22
2020-03-25 17:11:23,742642.0,743231.0,2020-03-25 17:11:23
2020-03-25 17:11:24,742642.0,743231.0,2020-03-25 17:11:24
2020-03-25 17:11:25,742642.0,743231.0,2020-03-25 17:11:25
2020-03-25 17:11:26,742642.0,743231.0,2020-03-25 17:11:26
2020-03-25 17:11:27,742759.0,743308.0,2020-03-25 17:11:27
2020-03-25 17:11:28,742759.0,743308.0,2020-03-25 17:11:28
2020-03-25 17:11:29,742759.0,743308.0,2020-03-25 17:11:29
2020-03-25 17:11:30,742759.0,743308.0,2020-03-25 17:11:30
2020-03-25 17:11:32,742759.0,743308.0,2020-03-25 17:11:31
2020-03-25 17:11:33,742759.0,743308.0,2020-03-25 17:11:33
2020-03-25 17:11:34,742759.0,743308.0,2020-03-25 17:11:34
2020-03-25 17:11:35,742759.0,743308.0,2020-03-25 17:11:35
2020-03-25 17:11:37,743426.0,744023.0,2020-03-25 17:11:37
2020-03-25 17:11:38,743426.0,744023.0,2020-03-25 17:11:38
2020-03-25 17:11:39,743426.0,744023.0,2020-03-25 17:11:39
2020-03-25 17:11:40,743426.0,744023.0,2020-03-25 17:11:40
2020-03-25 17:11:41,743426.0,744023.0,2020-03-25 17:11:41
2020-03-25 17:11:42,743426.0,744023.0,2020-03-25 17:11:42
2020-03-25 17:11:43,743426.0,744023.0,2020-03-25 17:11:43
2020-03-25 17:11:44,743426.0,744023.0,2020-03-25 17:11:44
2020-03-25 17:11:45,743426.0,744023.0,2020-03-25 17:11:45
2020-03-25 17:11:46,743426.0,744023.0,2020-03-25 17:11:46
2020-03-25 17:11:47,743426.0,744023.0,2020-03-25 17:11:47
2020-03-25 17:11:48,743426.0,744023.0,2020-03-25 17:11:48
2020-03-25 17:11:50,743426.0,744023.0,2020-03-25 17:11:49
2020-03-25 17:11:51,744278.0,744559.0,2020-03-25 17:11:51
2020-03-25 17:11:52,744278.0,744559.0,2020-03-25 17:11:52
2020-03-25 17:11:53,744278.0,744559.0,2020-03-25 17:11:53
2020-03-25 17:11:54,744278.0,744559.0,2020-03-25 17:11:54
2020-03-25 17:11:55,744278.0,744559.0,2020-03-25 17:11:55
2020-03-25 17:11:56,744242.0,744472.0,2020-03-25 17:11:56
2020-03-25 17:11:57,744242.0,744472.0,2020-03-25 17:11:57
2020-03-25 17:11:58,744242.0,744472.0,2020-03-25 17:11:58
2020-03-25 17:11:59,744242.0,744472.0,2020-03-25 17:11:59
2020-03-25 17:12:00,744242.0,744472.0,2020-03-25 17:12:00
2020-03-25 17:12:01,744242.0,744472.0,2020-03-25 17:12:01
2020-03-25 17:12:03,744242.0,744472.0,2020-03-25 17:12:02
2020-03-25 17:12:04,744242.0,744472.0,2020-03-25 17:12:04
2020-03-25 17:12:05,744242.0,744472.0,2020-03-25 17:12:05
2020-03-25 17:12:06,744147.0,744570.0,2020-03-25 17:12:06
2020-03-25 17:12:07,744147.0,744570.0,2020-03-25 17:12:07
2020-03-25 17:12:08,744147.0,744570.0,2020-03-25 17:12:08
2020-03-25 17:12:09,744147.0,744570.0,2020-03-25 17:12:09
2020-03-25 17:12:10,744147.0,744570.0,2020-03-25 17:12:10
2020-03-25 17:12:11,744147.0,744570.0,2020-03-25 17:12:11
2020-03-25 17:12:12,744147.0,744570.0,2020-03-25 17:12:12
2020-03-25 17:12:13,744147.0,744570.0,2020-03-25 17:12:13
2020-03-25 17:12:14,744147.0,744570.0,2020-03-25 17:12:14
2020-03-25 17:12:15,744147.0,744570.0,2020-03-25 17:12:15
2020-03-25 17:12:16,744147.0,744570.0,2020-03-25 17:12:16
2020-03-25 17:12:17,744147.0,744570.0,2020-03-25 17:12:17
2020-03-25 17:12:19,743980.0,744000.0,2020-03-25 17:12:18
2020-03-25 17:12:20,743980.0,744000.0,2020-03-25 17:12:20
2020-03-25 17:12:21,743980.0,744000.0,2020-03-25 17:12:21
2020-03-25 17:12:22,743980.0,744000.0,2020-03-25 17:12:22
2020-03-25 17:12:23,743980.0,744000.0,2020-03-25 17:12:23
2020-03-25 17:12:24,743980.0,744000.0,2020-03-25 17:12:24
2020-03-25 17:12:25,743980.0,744000.0,2020-03-25 17:12:25
2020-03-25 17:12:26,743980.0,744000.0,2020-03-25 17:12:26
2020-03-25 17:12:27,743980.0,744000.0,2020-03-25 17:12:27
2020-03-25 17:12:28,744130.0,744521.0,2020-03-25 17:12:28
2020-03-25 17:12:29,744130.0,744521.0,2020-03-25 17:12:29
2020-03-25 17:12:30,744130.0,744521.0,2020-03-25 17:12:30
2020-03-25 17:12:31,744130.0,744521.0,2020-03-25 17:12:31
2020-03-25 17:12:32,744130.0,744521.0,2020-03-25 17:12:32
2020-03-25 17:12:33,744130.0,744521.0,2020-03-25 17:12:33
2020-03-25 17:12:35,744130.0,744521.0,2020-03-25 17:12:34
2020-03-25 17:12:36,744130.0,744521.0,2020-03-25 17:12:36
2020-03-25 17:12:37,744130.0,744521.0,2020-03-25 17:12:37
2020-03-25 17:12:38,744253.0,744707.0,2020-03-25 17:12:38
2020-03-25 17:12:39,744253.0,744707.0,2020-03-25 17:12:39
2020-03-25 17:12:40,744253.0,744707.0,2020-03-25 17:12:40
2020-03-25 17:12:41,744253.0,744707.0,2020-03-25 17:12:41
2020-03-25 17:12:42,744253.0,744707.0,2020-03-25 17:12:42
2020-03-25 17:12:43,744253.0,744707.0,2020-03-25 17:12:43
2020-03-25 17:12:44,744253.0,744707.0,2020-03-25 17:12:44
2020-03-25 17:12:45,744253.0,744707.0,2020-03-25 17:12:45
2020-03-25 17:12:46,744253.0,744707.0,2020-03-25 17:12:46
2020-03-25 17:12:47,744253.0,744707.0,2020-03-25 17:12:47
2020-03-25 17:12:48,744253.0,744707.0,2020-03-25 17:12:48
2020-03-25 17:12:50,744143.0,744352.0,2020-03-25 17:12:49
2020-03-25 17:12:51,744143.0,744352.0,2020-03-25 17:12:51
2020-03-25 17:12:52,744143.0,744352.0,2020-03-25 17:12:52
2020-03-25 17:12:53,744143.0,744352.0,2020-03-25 17:12:53
2020-03-25 17:12:54,744143.0,744352.0,2020-03-25 17:12:54
2020-03-25 17:12:55,744143.0,744352.0,2020-03-25 17:12:55
2020-03-25 17:12:56,744143.0,744352.0,2020-03-25 17:12:56
2020-03-25 17:12:57,744236.0,744883.0,2020-03-25 17:12:57
2020-03-25 17:12:58,744236.0,744883.0,2020-03-25 17:12:58
2020-03-25 17:12:59,744236.0,744883.0,2020-03-25 17:12:59
2020-03-25 17:13:00,744236.0,744883.0,2020-03-25 17:13:00
2020-03-25 17:13:01,744236.0,744883.0,2020-03-25 17:13:01
2020-03-25 17:13:03,744236.0,744883.0,2020-03-25 17:13:02
2020-03-25 17:13:04,744236.0,744883.0,2020-03-25 17:13:04
2020-03-25 17:13:05,744236.0,744883.0,2020-03-25 17:13:05
2020-03-25 17:13:06,744379.0,744702.0,2020-03-25 17:13:06
2020-03-25 17:13:07,744379.0,744702.0,2020-03-25 17:13:07
2020-03-25 17:13:08,744379.0,744702.0,2020-03-25 17:13:08
2020-03-25 17:13:09,744379.0,744702.0,2020-03-25 17:13:09
2020-03-25 17:13:10,744379.0,744702.0,2020-03-25 17:13:10
2020-03-25 17:13:11,744379.0,744702.0,2020-03-25 17:13:11
2020-03-25 17:13:12,744379.0,744702.0,2020-03-25 17:13:12
2020-03-25 17:13:13,744379.0,744702.0,2020-03-25 17:13:13
2020-03-25 17:13:14,744379.0,744702.0,2020-03-25 17:13:14
2020-03-25 17:13:16,744379.0,744702.0,2020-03-25 17:13:15
2020-03-25 17:13:17,744436.0,744578.0,2020-03-25 17:13:17
2020-03-25 17:13:18,744436.0,744578.0,2020-03-25 17:13:18
2020-03-25 17:13:19,744436.0,744578.0,2020-03-25 17:13:19
2020-03-25 17:13:20,744436.0,744578.0,2020-03-25 17:13:20
2020-03-25 17:13:21,744436.0,744578.0,2020-03-25 17:13:21
2020-03-25 17:13:22,744436.0,744578.0,2020-03-25 17:13:22
2020-03-25 17:13:23,744436.0,744578.0,2020-03-25 17:13:23
2020-03-25 17:13:24,744436.0,744578.0,2020-03-25 17:13:24
2020-03-25 17:13:25,744436.0,744578.0,2020-03-25 17:13:25
2020-03-25 17:13:26,744436.0,744578.0,2020-03-25 17:13:26
2020-03-25 17:13:27,743887.0,744277.0,2020-03-25 17:13:27
2020-03-25 17:13:28,743887.0,744277.0,2020-03-25 17:13:28
2020-03-25 17:13:29,743887.0,744277.0,2020-03-25 17:13:29
2020-03-25 17:13:31,743887.0,744277.0,2020-03-25 17:13:30
2020-03-25 17:13:32,743887.0,744277.0,2020-03-25 17:13:32
2020-03-25 17:13:33,743887.0,744277.0,2020-03-25 17:13:33
2020-03-25 17:13:34,743887.0,744277.0,2020-03-25 17:13:34
2020-03-25 17:13:35,743887.0,744277.0,2020-03-25 17:13:35
2020-03-25 17:13:36,743933.0,743980.0,2020-03-25 17:13:36
2020-03-25 17:13:37,743933.0,743980.0,2020-03-25 17:13:37
2020-03-25 17:13:38,743933.0,743980.0,2020-03-25 17:13:38
2020-03-25 17:13:39,743933.0,743980.0,2020-03-25 17:13:39
2020-03-25 17:13:40,743933.0,743980.0,2020-03-25 17:13:40
2020-03-25 17:13:41,743933.0,743980.0,2020-03-25 17:13:41
2020-03-25 17:13:42,743933.0,743980.0,2020-03-25 17:13:42
2020-03-25 17:13:44,743933.0,743980.0,2020-03-25 17:13:43
2020-03-25 17:13:45,743933.0,743980.0,2020-03-25 17:13:45
2020-03-25 17:13:46,743933.0,743980.0,2020-03-25 17:13:46
2020-03-25 17:13:47,743711.0,744322.0,2020-03-25 17:13:47
2020-03-25 17:13:48,743711.0,744322.0,2020-03-25 17:13:48
2020-03-25 17:13:49,743711.0,744322.0,2020-03-25 17:13:49
2020-03-25 17:13:50,743711.0,744322.0,2020-03-25 17:13:50
2020-03-25 17:13:51,743711.0,744322.0,2020-03-25 17:13:51
2020-03-25 17:13:52,743711.0,744322.0,2020-03-25 17:13:52
2020-03-25 17:13:53,743711.0,744322.0,2020-03-25 17:13:53
2020-03-25 17:13:54,743711.0,744322.0,2020-03-25 17:13:54
2020-03-25 17:13:55,743711.0,744322.0,2020-03-25 17:13:55
2020-03-25 17:13:56,743872.0,744450.0,2020-03-25 17:13:56
2020-03-25 17:13:58,743872.0,744450.0,2020-03-25 17:13:57
2020-03-25 17:13:59,743872.0,744450.0,2020-03-25 17:13:59
2020-03-25 17:14:00,743872.0,744450.0,2020-03-25 17:14:00
2020-03-25 17:14:01,743872.0,744450.0,2020-03-25 17:14:01
2020-03-25 17:14:02,743872.0,744450.0,2020-03-25 17:14:02
2020-03-25 17:14:03,743872.0,744450.0,2020-03-25 17:14:03
2020-03-25 17:14:04,743872.0,744450.0,2020-03-25 17:14:04
2020-03-25 17:14:05,743872.0,744450.0,2020-03-25 17:14:05
2020-03-25 17:14:06,743924.0,744571.0,2020-03-25 17:14:06
2020-03-25 17:14:07,743924.0,744571.0,2020-03-25 17:14:07
2020-03-25 17:14:08,743924.0,744571.0,2020-03-25 17:14:08
2020-03-25 17:14:09,743924.0,744571.0,2020-03-25 17:14:09
2020-03-25 17:14:10,743924.0,744571.0,2020-03-25 17:14:10
2020-03-25 17:14:12,743924.0,744571.0,2020-03-25 17:14:11
2020-03-25 17:14:13,743924.0,744571.0,2020-03-25 17:14:13
2020-03-25 17:14:14,743924.0,744571.0,2020-03-25 17:14:14
2020-03-25 17:14:15,743924.0,744571.0,2020-03-25 17:14:15
2020-03-25 17:14:16,743924.0,744571.0,2020-03-25 17:14:16
2020-03-25 17:14:17,743924.0,744571.0,2020-03-25 17:14:17
2020-03-25 17:14:18,743970.0,744200.0,2020-03-25 17:14:18
2020-03-25 17:14:19,743970.0,744200.0,2020-03-25 17:14:19
2020-03-25 17:14:20,743970.0,744200.0,2020-03-25 17:14:20
2020-03-25 17:14:21,743970.0,744200.0,2020-03-25 17:14:21
2020-03-25 17:14:22,743970.0,744200.0,2020-03-25 17:14:22
2020-03-25 17:14:23,743970.0,744200.0,2020-03-25 17:14:23
2020-03-25 17:14:25,743970.0,744200.0,2020-03-25 17:14:24
2020-03-25 17:14:26,744059.0,744553.0,2020-03-25 17:14:26
2020-03-25 17:14:27,744059.0,744553.0,2020-03-25 17:14:27
2020-03-25 17:14:28,744059.0,744553.0,2020-03-25 17:14:28
2020-03-25 17:14:29,744059.0,744553.0,2020-03-25 17:14:29
2020-03-25 17:14:30,744059.0,744553.0,2020-03-25 17:14:30
2020-03-25 17:14:31,744059.0,744553.0,2020-03-25 17:14:31
2020-03-25 17:14:32,744059.0,744553.0,2020-03-25 17:14:32
2020-03-25 17:14:33,744059.0,744553.0,2020-03-25 17:14:33
2020-03-25 17:14:35,744059.0,744553.0,2020-03-25 17:14:34
2020-03-25 17:14:36,744326.0,744584.0,2020-03-25 17:14:36
2020-03-25 17:14:37,744326.0,744584.0,2020-03-25 17:14:37
2020-03-25 17:14:38,744326.0,744584.0,2020-03-25 17:14:38
2020-03-25 17:14:39,744326.0,744584.0,2020-03-25 17:14:39
2020-03-25 17:14:40,744326.0,744584.0,2020-03-25 17:14:40
2020-03-25 17:14:41,744326.0,744584.0,2020-03-25 17:14:41
2020-03-25 17:14:42,744326.0,744584.0,2020-03-25 17:14:42
2020-03-25 17:14:43,744326.0,744584.0,2020-03-25 17:14:43
2020-03-25 17:14:44,744326.0,744584.0,2020-03-25 17:14:44
2020-03-25 17:14:45,744326.0,744584.0,2020-03-25 17:14:45
2020-03-25 17:14:46,744374.0,744584.0,2020-03-25 17:14:46
2020-03-25 17:14:47,744374.0,744584.0,2020-03-25 17:14:47
2020-03-25 17:14:49,744374.0,744584.0,2020-03-25 17:14:48
2020-03-25 17:14:50,744374.0,744584.0,2020-03-25 17:14:50
2020-03-25 17:14:51,744374.0,744584.0,2020-03-25 17:14:51
2020-03-25 17:14:52,744374.0,744584.0,2020-03-25 17:14:52
2020-03-25 17:14:53,744374.0,744584.0,2020-03-25 17:14:53
2020-03-25 17:14:54,744374.0,744584.0,2020-03-25 17:14:54
2020-03-25 17:14:55,744374.0,744584.0,2020-03-25 17:14:55
2020-03-25 17:14:56,744393.0,744584.0,2020-03-25 17:14:56
2020-03-25 17:14:57,744393.0,744584.0,2020-03-25 17:14:57
2020-03-25 17:14:58,744393.0,744584.0,2020-03-25 17:14:58
2020-03-25 17:14:59,744393.0,744584.0,2020-03-25 17:14:59
2020-03-25 17:15:00,744393.0,744584.0,2020-03-25 17:15:00
2020-03-25 17:15:01,744393.0,744584.0,2020-03-25 17:15:01
2020-03-25 17:15:03,744393.0,744584.0,2020-03-25 17:15:02
2020-03-25 17:15:04,744393.0,744584.0,2020-03-25 17:15:04
2020-03-25 17:15:05,743970.0,744110.0,2020-03-25 17:15:05
2020-03-25 17:15:06,743970.0,744110.0,2020-03-25 17:15:06
2020-03-25 17:15:07,743970.0,744110.0,2020-03-25 17:15:07
2020-03-25 17:15:08,743970.0,744110.0,2020-03-25 17:15:08
2020-03-25 17:15:09,743970.0,744110.0,2020-03-25 17:15:09
2020-03-25 17:15:10,743970.0,744110.0,2020-03-25 17:15:10
2020-03-25 17:15:11,743970.0,744110.0,2020-03-25 17:15:11
2020-03-25 17:15:12,743970.0,744110.0,2020-03-25 17:15:12
2020-03-25 17:15:13,743970.0,744110.0,2020-03-25 17:15:13
2020-03-25 17:15:14,743970.0,744110.0,2020-03-25 17:15:14
2020-03-25 17:15:15,743970.0,744110.0,2020-03-25 17:15:15
2020-03-25 17:15:17,743845.0,744077.0,2020-03-25 17:15:16
2020-03-25 17:15:18,743845.0,744077.0,2020-03-25 17:15:18
2020-03-25 17:15:19,743845.0,744077.0,2020-03-25 17:15:19
2020-03-25 17:15:20,743845.0,744077.0,2020-03-25 17:15:20
2020-03-25 17:15:21,743845.0,744077.0,2020-03-25 17:15:21
2020-03-25 17:15:22,743845.0,744077.0,2020-03-25 17:15:22
2020-03-25 17:15:23,743845.0,744077.0,2020-03-25 17:15:23
2020-03-25 17:15:24,743845.0,744077.0,2020-03-25 17:15:24
2020-03-25 17:15:25,744109.0,744110.0,2020-03-25 17:15:25
2020-03-25 17:15:26,744109.0,744110.0,2020-03-25 17:15:26
2020-03-25 17:15:27,744109.0,744110.0,2020-03-25 17:15:27
2020-03-25 17:15:28,744109.0,744110.0,2020-03-25 17:15:28
2020-03-25 17:15:29,744109.0,744110.0,2020-03-25 17:15:29
2020-03-25 17:15:31,744109.0,744110.0,2020-03-25 17:15:30
2020-03-25 17:15:32,744109.0,744110.0,2020-03-25 17:15:32
2020-03-25 17:15:33,744109.0,744110.0,2020-03-25 17:15:33
2020-03-25 17:15:34,744109.0,744110.0,2020-03-25 17:15:34
2020-03-25 17:15:35,743922.0,744279.0,2020-03-25 17:15:35
2020-03-25 17:15:36,743922.0,744279.0,2020-03-25 17:15:36
2020-03-25 17:15:37,743922.0,744279.0,2020-03-25 17:15:37
2020-03-25 17:15:38,743922.0,744279.0,2020-03-25 17:15:38
2020-03-25 17:15:39,743922.0,744279.0,2020-03-25 17:15:39
2020-03-25 17:15:40,743922.0,744279.0,2020-03-25 17:15:40
2020-03-25 17:15:41,743922.0,744279.0,2020-03-25 17:15:41
2020-03-25 17:15:43,743922.0,744279.0,2020-03-25 17:15:42
2020-03-25 17:15:44,743922.0,744279.0,2020-03-25 17:15:44
2020-03-25 17:15:45,743922.0,744279.0,2020-03-25 17:15:45
2020-03-25 17:15:46,744383.0,744585.0,2020-03-25 17:15:46
2020-03-25 17:15:47,744383.0,744585.0,2020-03-25 17:15:47
2020-03-25 17:15:48,744383.0,744585.0,2020-03-25 17:15:48
2020-03-25 17:15:49,744383.0,744585.0,2020-03-25 17:15:49
2020-03-25 17:15:50,744383.0,744585.0,2020-03-25 17:15:50
2020-03-25 17:15:51,744383.0,744585.0,2020-03-25 17:15:51
2020-03-25 17:15:52,744383.0,744585.0,2020-03-25 17:15:52
2020-03-25 17:15:53,744383.0,744585.0,2020-03-25 17:15:53
2020-03-25 17:15:54,744383.0,744585.0,2020-03-25 17:15:54
2020-03-25 17:15:55,744441.0,744585.0,2020-03-25 17:15:55
2020-03-25 17:15:57,744441.0,744585.0,2020-03-25 17:15:56
2020-03-25 17:15:58,744441.0,744585.0,2020-03-25 17:15:58
2020-03-25 17:15:59,744441.0,744585.0,2020-03-25 17:15:59
2020-03-25 17:16:00,744441.0,744585.0,2020-03-25 17:16:00
2020-03-25 17:16:01,744441.0,744585.0,2020-03-25 17:16:01
2020-03-25 17:16:02,744441.0,744585.0,2020-03-25 17:16:02
2020-03-25 17:16:03,744441.0,744585.0,2020-03-25 17:16:03
2020-03-25 17:16:04,744441.0,744585.0,2020-03-25 17:16:04
2020-03-25 17:16:05,744475.0,744971.0,2020-03-25 17:16:05
2020-03-25 17:16:06,744475.0,744971.0,2020-03-25 17:16:06
2020-03-25 17:16:07,744475.0,744971.0,2020-03-25 17:16:07
2020-03-25 17:16:08,744475.0,744971.0,2020-03-25 17:16:08
2020-03-25 17:16:10,744475.0,744971.0,2020-03-25 17:16:09
2020-03-25 17:16:11,744475.0,744971.0,2020-03-25 17:16:11
2020-03-25 17:16:12,744475.0,744971.0,2020-03-25 17:16:12
2020-03-25 17:16:13,744475.0,744971.0,2020-03-25 17:16:13
2020-03-25 17:16:14,744475.0,744971.0,2020-03-25 17:16:14
2020-03-25 17:16:15,744475.0,744971.0,2020-03-25 17:16:15
2020-03-25 17:16:16,744475.0,744971.0,2020-03-25 17:16:16
2020-03-25 17:16:17,745004.0,745482.0,2020-03-25 17:16:17
2020-03-25 17:16:18,745004.0,745482.0,2020-03-25 17:16:18
2020-03-25 17:16:19,745004.0,745482.0,2020-03-25 17:16:19
2020-03-25 17:16:20,745004.0,745482.0,2020-03-25 17:16:20
2020-03-25 17:16:21,745004.0,745482.0,2020-03-25 17:16:21
2020-03-25 17:16:22,745004.0,745482.0,2020-03-25 17:16:22
2020-03-25 17:16:23,745004.0,745482.0,2020-03-25 17:16:23
2020-03-25 17:16:24,745004.0,745482.0,2020-03-25 17:16:24
2020-03-25 17:16:25,745085.0,745481.0,2020-03-25 17:16:25
2020-03-25 17:16:27,745085.0,745481.0,2020-03-25 17:16:26
2020-03-25 17:16:28,745085.0,745481.0,2020-03-25 17:16:28
2020-03-25 17:16:29,745085.0,745481.0,2020-03-25 17:16:29
2020-03-25 17:16:30,745085.0,745481.0,2020-03-25 17:16:30
2020-03-25 17:16:31,745085.0,745481.0,2020-03-25 17:16:31
2020-03-25 17:16:32,745085.0,745481.0,2020-03-25 17:16:32
2020-03-25 17:16:33,745085.0,745481.0,2020-03-25 17:16:33
2020-03-25 17:16:34,745085.0,745481.0,2020-03-25 17:16:34
2020-03-25 17:16:35,745085.0,745481.0,2020-03-25 17:16:35
2020-03-25 17:16:36,744555.0,744900.0,2020-03-25 17:16:36
2020-03-25 17:16:37,744555.0,744900.0,2020-03-25 17:16:37
2020-03-25 17:16:38,744555.0,744900.0,2020-03-25 17:16:38
2020-03-25 17:16:39,744555.0,744900.0,2020-03-25 17:16:39
2020-03-25 17:16:40,744555.0,744900.0,2020-03-25 17:16:40
2020-03-25 17:16:41,744555.0,744900.0,2020-03-25 17:16:41
2020-03-25 17:16:42,744555.0,744900.0,2020-03-25 17:16:42
2020-03-25 17:16:44,744555.0,744900.0,2020-03-25 17:16:44
2020-03-25 17:16:45,744595.0,745080.0,2020-03-25 17:16:45
2020-03-25 17:16:46,744595.0,745080.0,2020-03-25 17:16:46
2020-03-25 17:16:47,744595.0,745080.0,2020-03-25 17:16:47
2020-03-25 17:16:48,744595.0,745080.0,2020-03-25 17:16:48
2020-03-25 17:16:49,744595.0,745080.0,2020-03-25 17:16:49
2020-03-25 17:16:50,744595.0,745080.0,2020-03-25 17:16:50
2020-03-25 17:16:51,744595.0,745080.0,2020-03-25 17:16:51
2020-03-25 17:16:52,744595.0,745080.0,2020-03-25 17:16:52
2020-03-25 17:16:53,744595.0,745080.0,2020-03-25 17:16:53
2020-03-25 17:16:54,744595.0,745080.0,2020-03-25 17:16:54
2020-03-25 17:16:55,744595.0,745080.0,2020-03-25 17:16:55
2020-03-25 17:16:56,744595.0,745080.0,2020-03-25 17:16:56
2020-03-25 17:16:57,744595.0,745080.0,2020-03-25 17:16:57
2020-03-25 17:16:58,744595.0,745080.0,2020-03-25 17:16:58
2020-03-25 17:16:59,744438.0,745057.0,2020-03-25 17:16:59
2020-03-25 17:17:01,744438.0,745057.0,2020-03-25 17:17:00
2020-03-25 17:17:02,744438.0,745057.0,2020-03-25 17:17:02
2020-03-25 17:17:03,744438.0,745057.0,2020-03-25 17:17:03
2020-03-25 17:17:04,744438.0,745057.0,2020-03-25 17:17:04
2020-03-25 17:17:05,744444.0,744966.0,2020-03-25 17:17:05
2020-03-25 17:17:06,744444.0,744966.0,2020-03-25 17:17:06
2020-03-25 17:17:07,744444.0,744966.0,2020-03-25 17:17:07
2020-03-25 17:17:08,744444.0,744966.0,2020-03-25 17:17:08
2020-03-25 17:17:09,744444.0,744966.0,2020-03-25 17:17:09
2020-03-25 17:17:10,744444.0,744966.0,2020-03-25 17:17:10
2020-03-25 17:17:11,744444.0,744966.0,2020-03-25 17:17:11
2020-03-25 17:17:12,744444.0,744966.0,2020-03-25 17:17:12
2020-03-25 17:17:13,744444.0,744966.0,2020-03-25 17:17:13
2020-03-25 17:17:14,744444.0,744966.0,2020-03-25 17:17:14
2020-03-25 17:17:16,744403.0,744879.0,2020-03-25 17:17:15
2020-03-25 17:17:17,744403.0,744879.0,2020-03-25 17:17:17
2020-03-25 17:17:18,744403.0,744879.0,2020-03-25 17:17:18
2020-03-25 17:17:19,744403.0,744879.0,2020-03-25 17:17:19
2020-03-25 17:17:20,744403.0,744879.0,2020-03-25 17:17:20
2020-03-25 17:17:21,744403.0,744879.0,2020-03-25 17:17:21
2020-03-25 17:17:22,744403.0,744879.0,2020-03-25 17:17:22
2020-03-25 17:17:23,744403.0,744879.0,2020-03-25 17:17:23
2020-03-25 17:17:24,744403.0,744879.0,2020-03-25 17:17:24
2020-03-25 17:17:25,744182.0,744799.0,2020-03-25 17:17:25
2020-03-25 17:17:26,744182.0,744799.0,2020-03-25 17:17:26
2020-03-25 17:17:27,744182.0,744799.0,2020-03-25 17:17:27
2020-03-25 17:17:28,744182.0,744799.0,2020-03-25 17:17:28
2020-03-25 17:17:29,744182.0,744799.0,2020-03-25 17:17:29
2020-03-25 17:17:30,744182.0,744799.0,2020-03-25 17:17:30
2020-03-25 17:17:31,744182.0,744799.0,2020-03-25 17:17:31
2020-03-25 17:17:33,744182.0,744799.0,2020-03-25 17:17:32
2020-03-25 17:17:34,744182.0,744799.0,2020-03-25 17:17:34
2020-03-25 17:17:35,744176.0,744697.0,2020-03-25 17:17:35
2020-03-25 17:17:36,744176.0,744697.0,2020-03-25 17:17:36
2020-03-25 17:17:37,744176.0,744697.0,2020-03-25 17:17:37
2020-03-25 17:17:38,744176.0,744697.0,2020-03-25 17:17:38
2020-03-25 17:17:39,744176.0,744697.0,2020-03-25 17:17:39
2020-03-25 17:17:40,744176.0,744697.0,2020-03-25 17:17:40
2020-03-25 17:17:41,744176.0,744697.0,2020-03-25 17:17:41
2020-03-25 17:17:42,744176.0,744697.0,2020-03-25 17:17:42
2020-03-25 17:17:43,744176.0,744697.0,2020-03-25 17:17:43
2020-03-25 17:17:44,744176.0,744697.0,2020-03-25 17:17:44
2020-03-25 17:17:45,744176.0,744697.0,2020-03-25 17:17:45
2020-03-25 17:17:46,744176.0,744697.0,2020-03-25 17:17:46
2020-03-25 17:17:47,744147.0,744612.0,2020-03-25 17:17:47
2020-03-25 17:17:49,744147.0,744612.0,2020-03-25 17:17:48
2020-03-25 17:17:50,744147.0,744612.0,2020-03-25 17:17:50
2020-03-25 17:17:51,744147.0,744612.0,2020-03-25 17:17:51
2020-03-25 17:17:52,744147.0,744612.0,2020-03-25 17:17:52
2020-03-25 17:17:53,744147.0,744612.0,2020-03-25 17:17:53
2020-03-25 17:17:54,744147.0,744612.0,2020-03-25 17:17:54
2020-03-25 17:17:55,744147.0,744612.0,2020-03-25 17:17:55
2020-03-25 17:17:56,744147.0,744612.0,2020-03-25 17:17:56
2020-03-25 17:17:57,744147.0,744541.0,2020-03-25 17:17:57
2020-03-25 17:17:58,744147.0,744541.0,2020-03-25 17:17:58
2020-03-25 17:17:59,744147.0,744541.0,2020-03-25 17:17:59
2020-03-25 17:18:00,744147.0,744541.0,2020-03-25 17:18:00
2020-03-25 17:18:01,744147.0,744541.0,2020-03-25 17:18:01
2020-03-25 17:18:02,744147.0,744541.0,2020-03-25 17:18:02
2020-03-25 17:18:03,744147.0,744541.0,2020-03-25 17:18:03
2020-03-25 17:18:04,744147.0,744541.0,2020-03-25 17:18:04
2020-03-25 17:18:06,744073.0,744497.0,2020-03-25 17:18:05
2020-03-25 17:18:07,744073.0,744497.0,2020-03-25 17:18:07
2020-03-25 17:18:08,744073.0,744497.0,2020-03-25 17:18:08
2020-03-25 17:18:09,744073.0,744497.0,2020-03-25 17:18:09
2020-03-25 17:18:10,744073.0,744497.0,2020-03-25 17:18:10
2020-03-25 17:18:11,744073.0,744497.0,2020-03-25 17:18:11
2020-03-25 17:18:12,744073.0,744497.0,2020-03-25 17:18:12
2020-03-25 17:18:13,744073.0,744497.0,2020-03-25 17:18:13
2020-03-25 17:18:14,744073.0,744497.0,2020-03-25 17:18:14
2020-03-25 17:18:15,744073.0,744497.0,2020-03-25 17:18:15
2020-03-25 17:18:16,744073.0,744497.0,2020-03-25 17:18:16
2020-03-25 17:18:17,744073.0,744497.0,2020-03-25 17:18:17
2020-03-25 17:18:18,744073.0,744497.0,2020-03-25 17:18:18
2020-03-25 17:18:19,744032.0,744424.0,2020-03-25 17:18:19
2020-03-25 17:18:20,744032.0,744424.0,2020-03-25 17:18:20
2020-03-25 17:18:21,744032.0,744424.0,2020-03-25 17:18:21
2020-03-25 17:18:23,744032.0,744424.0,2020-03-25 17:18:22
2020-03-25 17:18:24,744032.0,744424.0,2020-03-25 17:18:24
2020-03-25 17:18:25,744032.0,744424.0,2020-03-25 17:18:25
2020-03-25 17:18:26,744032.0,744424.0,2020-03-25 17:18:26
2020-03-25 17:18:27,743555.0,743671.0,2020-03-25 17:18:27
