timestamp,bid,ask,tick_timestamp
2020-03-25 16:47:48,743115.0,743486.0,2020-03-25 16:47:47
2020-03-25 16:47:49,743115.0,743486.0,2020-03-25 16:47:49
2020-03-25 16:47:50,743115.0,743486.0,2020-03-25 16:47:50
2020-03-25 16:47:51,743126.0,743427.0,2020-03-25 16:47:51
2020-03-25 16:47:52,743126.0,743427.0,2020-03-25 16:47:52
2020-03-25 16:47:53,743184.0,743427.0,2020-03-25 16:47:53
2020-03-25 16:47:54,743184.0,743427.0,2020-03-25 16:47:54
2020-03-25 16:47:55,743215.0,743349.0,2020-03-25 16:47:55
2020-03-25 16:47:56,743215.0,743349.0,2020-03-25 16:47:56
2020-03-25 16:47:57,743215.0,743500.0,2020-03-25 16:47:57
2020-03-25 16:47:58,743215.0,743500.0,2020-03-25 16:47:58
2020-03-25 16:48:00,743386.0,743482.0,2020-03-25 16:47:59
2020-03-25 16:48:01,743386.0,743482.0,2020-03-25 16:48:01
2020-03-25 16:48:02,743666.0,743691.0,2020-03-25 16:48:02
2020-03-25 16:48:03,743666.0,743691.0,2020-03-25 16:48:03
2020-03-25 16:48:04,743644.0,743701.0,2020-03-25 16:48:04
2020-03-25 16:48:05,743644.0,743701.0,2020-03-25 16:48:05
2020-03-25 16:48:06,743686.0,743688.0,2020-03-25 16:48:06
2020-03-25 16:48:07,743686.0,743688.0,2020-03-25 16:48:07
2020-03-25 16:48:08,743456.0,743684.0,2020-03-25 16:48:08
2020-03-25 16:48:09,743456.0,743684.0,2020-03-25 16:48:09
2020-03-25 16:48:10,743372.0,743614.0,2020-03-25 16:48:10
2020-03-25 16:48:11,743372.0,743614.0,2020-03-25 16:48:11
2020-03-25 16:48:12,743403.0,743775.0,2020-03-25 16:48:12
2020-03-25 16:48:14,743403.0,743775.0,2020-03-25 16:48:13
2020-03-25 16:48:15,743404.0,743583.0,2020-03-25 16:48:15
2020-03-25 16:48:16,743404.0,743583.0,2020-03-25 16:48:16
2020-03-25 16:48:17,743263.0,743557.0,2020-03-25 16:48:17
2020-03-25 16:48:18,743263.0,743557.0,2020-03-25 16:48:18
2020-03-25 16:48:19,743283.0,743573.0,2020-03-25 16:48:19
2020-03-25 16:48:20,743283.0,743573.0,2020-03-25 16:48:20
2020-03-25 16:48:21,743296.0,743595.0,2020-03-25 16:48:21
2020-03-25 16:48:22,743296.0,743595.0,2020-03-25 16:48:22
2020-03-25 16:48:23,743310.0,743487.0,2020-03-25 16:48:23
2020-03-25 16:48:24,743310.0,743487.0,2020-03-25 16:48:24
2020-03-25 16:48:25,743322.0,743433.0,2020-03-25 16:48:25
2020-03-25 16:48:26,743322.0,743433.0,2020-03-25 16:48:26
2020-03-25 16:48:27,743322.0,743433.0,2020-03-25 16:48:27
2020-03-25 16:48:28,743322.0,743433.0,2020-03-25 16:48:28
2020-03-25 16:48:29,743322.0,743433.0,2020-03-25 16:48:29
2020-03-25 16:48:30,743025.0,743109.0,2020-03-25 16:48:30
2020-03-25 16:48:32,743025.0,743109.0,2020-03-25 16:48:31
2020-03-25 16:48:33,743025.0,743109.0,2020-03-25 16:48:33
2020-03-25 16:48:34,743025.0,743109.0,2020-03-25 16:48:34
2020-03-25 16:48:35,743025.0,743109.0,2020-03-25 16:48:35
2020-03-25 16:48:36,743025.0,743109.0,2020-03-25 16:48:36
2020-03-25 16:48:37,743028.0,743029.0,2020-03-25 16:48:37
2020-03-25 16:48:38,743028.0,743029.0,2020-03-25 16:48:38
2020-03-25 16:48:39,743028.0,743112.0,2020-03-25 16:48:39
2020-03-25 16:48:40,743028.0,743112.0,2020-03-25 16:48:40
2020-03-25 16:48:41,743000.0,743072.0,2020-03-25 16:48:41
2020-03-25 16:48:42,743000.0,743072.0,2020-03-25 16:48:42
2020-03-25 16:48:43,743033.0,743072.0,2020-03-25 16:48:43
2020-03-25 16:48:44,743033.0,743072.0,2020-03-25 16:48:44
2020-03-25 16:48:45,742825.0,743028.0,2020-03-25 16:48:45
2020-03-25 16:48:46,742825.0,743028.0,2020-03-25 16:48:46
2020-03-25 16:48:47,742814.0,743028.0,2020-03-25 16:48:47
2020-03-25 16:48:48,742814.0,743028.0,2020-03-25 16:48:48
2020-03-25 16:48:49,742888.0,743064.0,2020-03-25 16:48:49
2020-03-25 16:48:51,742888.0,743064.0,2020-03-25 16:48:50
2020-03-25 16:48:52,743125.0,743250.0,2020-03-25 16:48:52
2020-03-25 16:48:53,743125.0,743250.0,2020-03-25 16:48:53
2020-03-25 16:48:54,743196.0,743288.0,2020-03-25 16:48:54
2020-03-25 16:48:55,743196.0,743288.0,2020-03-25 16:48:55
2020-03-25 16:48:56,743243.0,743429.0,2020-03-25 16:48:56
2020-03-25 16:48:57,743243.0,743429.0,2020-03-25 16:48:57
2020-03-25 16:48:58,743322.0,743342.0,2020-03-25 16:48:58
2020-03-25 16:48:59,743322.0,743342.0,2020-03-25 16:48:59
2020-03-25 16:49:00,743322.0,743482.0,2020-03-25 16:49:00
2020-03-25 16:49:01,743322.0,743482.0,2020-03-25 16:49:01
2020-03-25 16:49:02,743137.0,743438.0,2020-03-25 16:49:02
2020-03-25 16:49:03,743137.0,743438.0,2020-03-25 16:49:03
2020-03-25 16:49:04,743145.0,743441.0,2020-03-25 16:49:04
2020-03-25 16:49:05,743145.0,743441.0,2020-03-25 16:49:05
2020-03-25 16:49:06,743145.0,743441.0,2020-03-25 16:49:06
2020-03-25 16:49:07,743145.0,743441.0,2020-03-25 16:49:07
2020-03-25 16:49:08,743308.0,743418.0,2020-03-25 16:49:08
2020-03-25 16:49:09,743308.0,743418.0,2020-03-25 16:49:09
2020-03-25 16:49:11,743308.0,743352.0,2020-03-25 16:49:10
2020-03-25 16:49:12,743308.0,743352.0,2020-03-25 16:49:12
2020-03-25 16:49:13,743300.0,743395.0,2020-03-25 16:49:13
2020-03-25 16:49:14,743300.0,743395.0,2020-03-25 16:49:14
2020-03-25 16:49:15,743300.0,743356.0,2020-03-25 16:49:15
2020-03-25 16:49:16,743300.0,743356.0,2020-03-25 16:49:16
2020-03-25 16:49:17,743208.0,743307.0,2020-03-25 16:49:17
2020-03-25 16:49:18,743208.0,743307.0,2020-03-25 16:49:18
2020-03-25 16:49:19,743208.0,743441.0,2020-03-25 16:49:19
2020-03-25 16:49:20,743208.0,743441.0,2020-03-25 16:49:20
2020-03-25 16:49:21,743178.0,743441.0,2020-03-25 16:49:21
2020-03-25 16:49:22,743111.0,743285.0,2020-03-25 16:49:22
2020-03-25 16:49:23,743111.0,743285.0,2020-03-25 16:49:23
2020-03-25 16:49:25,743111.0,743285.0,2020-03-25 16:49:24
2020-03-25 16:49:26,743111.0,743285.0,2020-03-25 16:49:26
2020-03-25 16:49:27,743111.0,743285.0,2020-03-25 16:49:27
2020-03-25 16:49:28,743111.0,743285.0,2020-03-25 16:49:28
2020-03-25 16:49:29,743111.0,743285.0,2020-03-25 16:49:29
2020-03-25 16:49:30,743111.0,743285.0,2020-03-25 16:49:30
2020-03-25 16:49:31,743111.0,743285.0,2020-03-25 16:49:31
2020-03-25 16:49:32,743111.0,743285.0,2020-03-25 16:49:32
2020-03-25 16:49:33,743291.0,743441.0,2020-03-25 16:49:33
2020-03-25 16:49:34,743291.0,743441.0,2020-03-25 16:49:34
2020-03-25 16:49:35,743291.0,743441.0,2020-03-25 16:49:35
2020-03-25 16:49:36,743291.0,743441.0,2020-03-25 16:49:36
2020-03-25 16:49:37,743285.0,743441.0,2020-03-25 16:49:37
2020-03-25 16:49:38,743285.0,743441.0,2020-03-25 16:49:38
2020-03-25 16:49:39,743536.0,743797.0,2020-03-25 16:49:39
2020-03-25 16:49:40,743536.0,743797.0,2020-03-25 16:49:40
2020-03-25 16:49:41,743571.0,743705.0,2020-03-25 16:49:41
2020-03-25 16:49:43,743571.0,743705.0,2020-03-25 16:49:42
2020-03-25 16:49:44,743571.0,743797.0,2020-03-25 16:49:44
2020-03-25 16:49:45,743571.0,743797.0,2020-03-25 16:49:45
2020-03-25 16:49:46,743769.0,743967.0,2020-03-25 16:49:46
2020-03-25 16:49:47,743769.0,743967.0,2020-03-25 16:49:47
2020-03-25 16:49:48,744163.0,744271.0,2020-03-25 16:49:48
2020-03-25 16:49:49,744163.0,744271.0,2020-03-25 16:49:49
2020-03-25 16:49:50,744320.0,744382.0,2020-03-25 16:49:50
2020-03-25 16:49:51,744320.0,744382.0,2020-03-25 16:49:51
2020-03-25 16:49:52,744659.0,744676.0,2020-03-25 16:49:52
2020-03-25 16:49:53,744659.0,744676.0,2020-03-25 16:49:53
2020-03-25 16:49:54,744298.0,744607.0,2020-03-25 16:49:54
2020-03-25 16:49:55,744298.0,744607.0,2020-03-25 16:49:55
2020-03-25 16:49:56,744330.0,744494.0,2020-03-25 16:49:56
2020-03-25 16:49:57,744330.0,744494.0,2020-03-25 16:49:57
2020-03-25 16:49:58,744205.0,744259.0,2020-03-25 16:49:58
2020-03-25 16:49:59,744205.0,744259.0,2020-03-25 16:49:59
2020-03-25 16:50:01,743990.0,744249.0,2020-03-25 16:50:00
2020-03-25 16:50:02,743990.0,744249.0,2020-03-25 16:50:02
2020-03-25 16:50:03,743995.0,744107.0,2020-03-25 16:50:03
2020-03-25 16:50:04,743995.0,744107.0,2020-03-25 16:50:04
2020-03-25 16:50:05,743857.0,744105.0,2020-03-25 16:50:05
2020-03-25 16:50:06,743857.0,744105.0,2020-03-25 16:50:06
2020-03-25 16:50:07,743857.0,744102.0,2020-03-25 16:50:07
2020-03-25 16:50:08,743857.0,744102.0,2020-03-25 16:50:08
2020-03-25 16:50:09,743821.0,744100.0,2020-03-25 16:50:09
2020-03-25 16:50:10,743821.0,744100.0,2020-03-25 16:50:10
2020-03-25 16:50:11,743821.0,744097.0,2020-03-25 16:50:11
2020-03-25 16:50:12,743821.0,744097.0,2020-03-25 16:50:12
2020-03-25 16:50:13,743821.0,744140.0,2020-03-25 16:50:13
2020-03-25 16:50:14,743821.0,744140.0,2020-03-25 16:50:14
2020-03-25 16:50:15,743821.0,744140.0,2020-03-25 16:50:15
2020-03-25 16:50:16,743821.0,744140.0,2020-03-25 16:50:16
2020-03-25 16:50:17,743821.0,744140.0,2020-03-25 16:50:17
2020-03-25 16:50:19,743821.0,744140.0,2020-03-25 16:50:18
2020-03-25 16:50:20,743821.0,744140.0,2020-03-25 16:50:20
2020-03-25 16:50:21,743821.0,744140.0,2020-03-25 16:50:21
2020-03-25 16:50:22,743821.0,744128.0,2020-03-25 16:50:22
2020-03-25 16:50:23,743821.0,744128.0,2020-03-25 16:50:23
2020-03-25 16:50:24,743925.0,744140.0,2020-03-25 16:50:24
2020-03-25 16:50:25,743925.0,744140.0,2020-03-25 16:50:25
2020-03-25 16:50:26,743943.0,744140.0,2020-03-25 16:50:26
2020-03-25 16:50:27,743943.0,744140.0,2020-03-25 16:50:27
2020-03-25 16:50:28,743951.0,744140.0,2020-03-25 16:50:28
2020-03-25 16:50:29,743951.0,744140.0,2020-03-25 16:50:29
2020-03-25 16:50:30,743986.0,744140.0,2020-03-25 16:50:30
2020-03-25 16:50:31,744001.0,744260.0,2020-03-25 16:50:31
2020-03-25 16:50:32,744001.0,744260.0,2020-03-25 16:50:32
2020-03-25 16:50:34,744053.0,744217.0,2020-03-25 16:50:33
2020-03-25 16:50:35,744053.0,744217.0,2020-03-25 16:50:35
2020-03-25 16:50:36,743950.0,744053.0,2020-03-25 16:50:36
2020-03-25 16:50:37,743950.0,744053.0,2020-03-25 16:50:37
2020-03-25 16:50:38,743698.0,743743.0,2020-03-25 16:50:38
2020-03-25 16:50:39,743698.0,743743.0,2020-03-25 16:50:39
2020-03-25 16:50:40,743698.0,743740.0,2020-03-25 16:50:40
2020-03-25 16:50:41,743698.0,743740.0,2020-03-25 16:50:41
2020-03-25 16:50:42,743583.0,743599.0,2020-03-25 16:50:42
2020-03-25 16:50:43,743583.0,743599.0,2020-03-25 16:50:43
2020-03-25 16:50:44,743443.0,743474.0,2020-03-25 16:50:44
2020-03-25 16:50:45,743443.0,743474.0,2020-03-25 16:50:45
2020-03-25 16:50:46,743490.0,743549.0,2020-03-25 16:50:46
2020-03-25 16:50:47,743490.0,743549.0,2020-03-25 16:50:47
2020-03-25 16:50:48,743421.0,743549.0,2020-03-25 16:50:48
2020-03-25 16:50:49,743421.0,743549.0,2020-03-25 16:50:49
2020-03-25 16:50:50,743424.0,743589.0,2020-03-25 16:50:50
2020-03-25 16:50:52,743424.0,743589.0,2020-03-25 16:50:51
2020-03-25 16:50:53,743342.0,743638.0,2020-03-25 16:50:53
2020-03-25 16:50:54,743342.0,743638.0,2020-03-25 16:50:54
2020-03-25 16:50:55,743347.0,743633.0,2020-03-25 16:50:55
2020-03-25 16:50:56,743347.0,743633.0,2020-03-25 16:50:56
2020-03-25 16:50:57,743342.0,743610.0,2020-03-25 16:50:57
2020-03-25 16:50:58,743342.0,743610.0,2020-03-25 16:50:58
2020-03-25 16:50:59,743236.0,743525.0,2020-03-25 16:50:59
2020-03-25 16:51:00,743236.0,743525.0,2020-03-25 16:51:00
2020-03-25 16:51:01,743224.0,743491.0,2020-03-25 16:51:01
2020-03-25 16:51:02,743224.0,743491.0,2020-03-25 16:51:02
2020-03-25 16:51:03,743237.0,743525.0,2020-03-25 16:51:03
2020-03-25 16:51:04,743237.0,743525.0,2020-03-25 16:51:04
2020-03-25 16:51:05,743247.0,743568.0,2020-03-25 16:51:05
2020-03-25 16:51:06,743247.0,743568.0,2020-03-25 16:51:06
2020-03-25 16:51:07,743252.0,743493.0,2020-03-25 16:51:07
2020-03-25 16:51:08,743252.0,743493.0,2020-03-25 16:51:08
2020-03-25 16:51:10,743242.0,743515.0,2020-03-25 16:51:09
2020-03-25 16:51:11,743242.0,743515.0,2020-03-25 16:51:11
2020-03-25 16:51:12,743237.0,743495.0,2020-03-25 16:51:12
2020-03-25 16:51:13,743237.0,743495.0,2020-03-25 16:51:13
2020-03-25 16:51:14,743242.0,743515.0,2020-03-25 16:51:14
2020-03-25 16:51:15,743242.0,743515.0,2020-03-25 16:51:15
2020-03-25 16:51:16,743242.0,743515.0,2020-03-25 16:51:16
2020-03-25 16:51:17,743242.0,743515.0,2020-03-25 16:51:17
2020-03-25 16:51:18,743242.0,743510.0,2020-03-25 16:51:18
2020-03-25 16:51:19,743242.0,743510.0,2020-03-25 16:51:19
2020-03-25 16:51:20,743242.0,743510.0,2020-03-25 16:51:20
2020-03-25 16:51:21,743242.0,743510.0,2020-03-25 16:51:21
2020-03-25 16:51:22,743242.0,743510.0,2020-03-25 16:51:22
2020-03-25 16:51:23,743242.0,743510.0,2020-03-25 16:51:23
2020-03-25 16:51:25,743242.0,743510.0,2020-03-25 16:51:24
2020-03-25 16:51:26,743242.0,743510.0,2020-03-25 16:51:26
2020-03-25 16:51:27,743242.0,743510.0,2020-03-25 16:51:27
2020-03-25 16:51:28,743242.0,743510.0,2020-03-25 16:51:28
2020-03-25 16:51:29,742639.0,742711.0,2020-03-25 16:51:29
2020-03-25 16:51:30,742639.0,742711.0,2020-03-25 16:51:30
2020-03-25 16:51:31,742497.0,742674.0,2020-03-25 16:51:31
2020-03-25 16:51:32,742497.0,742674.0,2020-03-25 16:51:32
2020-03-25 16:51:33,742525.0,742814.0,2020-03-25 16:51:33
2020-03-25 16:51:34,742525.0,742814.0,2020-03-25 16:51:34
2020-03-25 16:51:35,742640.0,742896.0,2020-03-25 16:51:35
2020-03-25 16:51:36,742640.0,742896.0,2020-03-25 16:51:36
2020-03-25 16:51:37,742648.0,742669.0,2020-03-25 16:51:37
2020-03-25 16:51:38,742648.0,742669.0,2020-03-25 16:51:38
2020-03-25 16:51:39,742509.0,742669.0,2020-03-25 16:51:39
2020-03-25 16:51:41,742509.0,742669.0,2020-03-25 16:51:40
2020-03-25 16:51:42,742869.0,742980.0,2020-03-25 16:51:42
2020-03-25 16:51:43,742869.0,742980.0,2020-03-25 16:51:43
2020-03-25 16:51:44,743142.0,743274.0,2020-03-25 16:51:44
2020-03-25 16:51:45,743142.0,743274.0,2020-03-25 16:51:45
2020-03-25 16:51:46,743056.0,743274.0,2020-03-25 16:51:46
2020-03-25 16:51:47,743056.0,743274.0,2020-03-25 16:51:47
2020-03-25 16:51:48,743056.0,743274.0,2020-03-25 16:51:48
2020-03-25 16:51:49,743056.0,743274.0,2020-03-25 16:51:49
2020-03-25 16:51:50,742933.0,743274.0,2020-03-25 16:51:50
2020-03-25 16:51:51,742933.0,743274.0,2020-03-25 16:51:51
2020-03-25 16:51:52,743045.0,743274.0,2020-03-25 16:51:52
2020-03-25 16:51:53,743045.0,743274.0,2020-03-25 16:51:53
2020-03-25 16:51:54,742954.0,743274.0,2020-03-25 16:51:54
2020-03-25 16:51:55,742954.0,743274.0,2020-03-25 16:51:55
2020-03-25 16:51:57,742976.0,743274.0,2020-03-25 16:51:56
2020-03-25 16:51:58,742976.0,743274.0,2020-03-25 16:51:58
2020-03-25 16:51:59,743202.0,743274.0,2020-03-25 16:51:59
2020-03-25 16:52:00,743202.0,743274.0,2020-03-25 16:52:00
2020-03-25 16:52:01,743055.0,743274.0,2020-03-25 16:52:01
2020-03-25 16:52:02,743055.0,743274.0,2020-03-25 16:52:02
2020-03-25 16:52:03,743055.0,743274.0,2020-03-25 16:52:03
2020-03-25 16:52:04,743055.0,743274.0,2020-03-25 16:52:04
2020-03-25 16:52:05,743243.0,743490.0,2020-03-25 16:52:05
2020-03-25 16:52:06,743243.0,743490.0,2020-03-25 16:52:06
2020-03-25 16:52:07,743299.0,743506.0,2020-03-25 16:52:07
2020-03-25 16:52:08,743486.0,743501.0,2020-03-25 16:52:08
2020-03-25 16:52:09,743486.0,743501.0,2020-03-25 16:52:09
2020-03-25 16:52:10,743447.0,743620.0,2020-03-25 16:52:10
2020-03-25 16:52:11,743447.0,743620.0,2020-03-25 16:52:11
2020-03-25 16:52:13,743447.0,743620.0,2020-03-25 16:52:12
2020-03-25 16:52:14,743447.0,743620.0,2020-03-25 16:52:14
2020-03-25 16:52:15,743447.0,743620.0,2020-03-25 16:52:15
2020-03-25 16:52:16,743447.0,743620.0,2020-03-25 16:52:16
2020-03-25 16:52:17,743335.0,743434.0,2020-03-25 16:52:17
2020-03-25 16:52:18,743335.0,743434.0,2020-03-25 16:52:18
2020-03-25 16:52:19,743504.0,743598.0,2020-03-25 16:52:19
2020-03-25 16:52:20,743504.0,743598.0,2020-03-25 16:52:20
2020-03-25 16:52:21,743366.0,743598.0,2020-03-25 16:52:21
2020-03-25 16:52:22,743366.0,743598.0,2020-03-25 16:52:22
2020-03-25 16:52:23,743325.0,743574.0,2020-03-25 16:52:23
2020-03-25 16:52:24,743325.0,743574.0,2020-03-25 16:52:24
2020-03-25 16:52:25,743326.0,743574.0,2020-03-25 16:52:25
2020-03-25 16:52:26,743326.0,743574.0,2020-03-25 16:52:26
2020-03-25 16:52:27,743536.0,743561.0,2020-03-25 16:52:27
2020-03-25 16:52:28,743536.0,743561.0,2020-03-25 16:52:28
2020-03-25 16:52:30,743560.0,743578.0,2020-03-25 16:52:29
2020-03-25 16:52:31,743560.0,743578.0,2020-03-25 16:52:31
2020-03-25 16:52:32,743521.0,743585.0,2020-03-25 16:52:32
2020-03-25 16:52:33,743521.0,743585.0,2020-03-25 16:52:33
2020-03-25 16:52:34,743547.0,743580.0,2020-03-25 16:52:34
2020-03-25 16:52:35,743547.0,743580.0,2020-03-25 16:52:35
2020-03-25 16:52:36,743558.0,743580.0,2020-03-25 16:52:36
2020-03-25 16:52:37,743558.0,743580.0,2020-03-25 16:52:37
2020-03-25 16:52:38,743564.0,743580.0,2020-03-25 16:52:38
2020-03-25 16:52:39,743564.0,743580.0,2020-03-25 16:52:39
2020-03-25 16:52:40,743624.0,743778.0,2020-03-25 16:52:40
2020-03-25 16:52:41,743624.0,743778.0,2020-03-25 16:52:41
2020-03-25 16:52:42,743853.0,743964.0,2020-03-25 16:52:42
2020-03-25 16:52:43,743853.0,743964.0,2020-03-25 16:52:43
2020-03-25 16:52:44,744107.0,744115.0,2020-03-25 16:52:44
2020-03-25 16:52:45,744107.0,744115.0,2020-03-25 16:52:45
2020-03-25 16:52:47,744205.0,744334.0,2020-03-25 16:52:46
2020-03-25 16:52:48,744205.0,744334.0,2020-03-25 16:52:48
2020-03-25 16:52:49,744282.0,744393.0,2020-03-25 16:52:49
2020-03-25 16:52:50,744282.0,744393.0,2020-03-25 16:52:50
2020-03-25 16:52:51,744404.0,744532.0,2020-03-25 16:52:51
2020-03-25 16:52:52,744404.0,744532.0,2020-03-25 16:52:52
2020-03-25 16:52:53,744331.0,744529.0,2020-03-25 16:52:53
2020-03-25 16:52:54,744331.0,744529.0,2020-03-25 16:52:54
2020-03-25 16:52:55,744331.0,744529.0,2020-03-25 16:52:55
2020-03-25 16:52:56,744331.0,744529.0,2020-03-25 16:52:56
2020-03-25 16:52:57,744332.0,744558.0,2020-03-25 16:52:57
2020-03-25 16:52:58,744332.0,744558.0,2020-03-25 16:52:58
2020-03-25 16:52:59,744153.0,744360.0,2020-03-25 16:52:59
2020-03-25 16:53:00,744153.0,744360.0,2020-03-25 16:53:00
2020-03-25 16:53:01,744077.0,744130.0,2020-03-25 16:53:01
2020-03-25 16:53:02,744077.0,744130.0,2020-03-25 16:53:02
2020-03-25 16:53:03,744078.0,744127.0,2020-03-25 16:53:03
2020-03-25 16:53:05,744078.0,744127.0,2020-03-25 16:53:04
2020-03-25 16:53:06,744008.0,744075.0,2020-03-25 16:53:06
2020-03-25 16:53:07,744008.0,744075.0,2020-03-25 16:53:07
2020-03-25 16:53:08,743806.0,743978.0,2020-03-25 16:53:08
2020-03-25 16:53:09,743806.0,743978.0,2020-03-25 16:53:09
2020-03-25 16:53:10,743806.0,743978.0,2020-03-25 16:53:10
2020-03-25 16:53:11,743806.0,743978.0,2020-03-25 16:53:11
2020-03-25 16:53:12,743806.0,743978.0,2020-03-25 16:53:12
2020-03-25 16:53:13,743806.0,743978.0,2020-03-25 16:53:13
2020-03-25 16:53:14,743806.0,743978.0,2020-03-25 16:53:14
2020-03-25 16:53:15,743583.0,743694.0,2020-03-25 16:53:15
2020-03-25 16:53:16,743583.0,743694.0,2020-03-25 16:53:16
2020-03-25 16:53:17,743503.0,743673.0,2020-03-25 16:53:17
2020-03-25 16:53:18,743503.0,743673.0,2020-03-25 16:53:18
2020-03-25 16:53:20,743508.0,743669.0,2020-03-25 16:53:19
2020-03-25 16:53:21,743508.0,743669.0,2020-03-25 16:53:21
2020-03-25 16:53:22,743513.0,743641.0,2020-03-25 16:53:22
2020-03-25 16:53:23,743513.0,743641.0,2020-03-25 16:53:23
2020-03-25 16:53:24,743528.0,743638.0,2020-03-25 16:53:24
2020-03-25 16:53:25,743528.0,743638.0,2020-03-25 16:53:25
2020-03-25 16:53:26,743663.0,743867.0,2020-03-25 16:53:26
2020-03-25 16:53:27,743663.0,743867.0,2020-03-25 16:53:27
2020-03-25 16:53:28,743741.0,743965.0,2020-03-25 16:53:28
2020-03-25 16:53:29,743741.0,743965.0,2020-03-25 16:53:29
2020-03-25 16:53:30,743823.0,743981.0,2020-03-25 16:53:30
2020-03-25 16:53:31,743823.0,743981.0,2020-03-25 16:53:31
2020-03-25 16:53:32,743801.0,743981.0,2020-03-25 16:53:32
2020-03-25 16:53:33,743801.0,743981.0,2020-03-25 16:53:33
2020-03-25 16:53:34,743868.0,744019.0,2020-03-25 16:53:34
2020-03-25 16:53:35,743868.0,744019.0,2020-03-25 16:53:35
2020-03-25 16:53:36,743868.0,744014.0,2020-03-25 16:53:36
2020-03-25 16:53:37,743868.0,744014.0,2020-03-25 16:53:37
2020-03-25 16:53:39,744322.0,744363.0,2020-03-25 16:53:38
2020-03-25 16:53:40,744322.0,744363.0,2020-03-25 16:53:40
2020-03-25 16:53:41,744694.0,744784.0,2020-03-25 16:53:41
2020-03-25 16:53:42,744694.0,744784.0,2020-03-25 16:53:42
2020-03-25 16:53:43,744195.0,744500.0,2020-03-25 16:53:43
2020-03-25 16:53:44,744195.0,744500.0,2020-03-25 16:53:44
2020-03-25 16:53:45,744182.0,744299.0,2020-03-25 16:53:45
2020-03-25 16:53:46,744182.0,744299.0,2020-03-25 16:53:46
2020-03-25 16:53:47,744126.0,744327.0,2020-03-25 16:53:47
2020-03-25 16:53:48,744126.0,744327.0,2020-03-25 16:53:48
2020-03-25 16:53:49,744127.0,744288.0,2020-03-25 16:53:49
2020-03-25 16:53:50,744127.0,744288.0,2020-03-25 16:53:50
2020-03-25 16:53:51,744127.0,744262.0,2020-03-25 16:53:51
2020-03-25 16:53:52,744127.0,744262.0,2020-03-25 16:53:52
2020-03-25 16:53:53,744217.0,744443.0,2020-03-25 16:53:53
2020-03-25 16:53:54,744217.0,744443.0,2020-03-25 16:53:54
2020-03-25 16:53:55,744014.0,744380.0,2020-03-25 16:53:55
2020-03-25 16:53:57,744014.0,744380.0,2020-03-25 16:53:56
2020-03-25 16:53:58,744102.0,744302.0,2020-03-25 16:53:58
2020-03-25 16:53:59,744102.0,744302.0,2020-03-25 16:53:59
2020-03-25 16:54:00,744151.0,744270.0,2020-03-25 16:54:00
2020-03-25 16:54:01,744151.0,744270.0,2020-03-25 16:54:01
2020-03-25 16:54:02,744151.0,744356.0,2020-03-25 16:54:02
2020-03-25 16:54:03,744151.0,744356.0,2020-03-25 16:54:03
2020-03-25 16:54:04,744065.0,744126.0,2020-03-25 16:54:04
2020-03-25 16:54:05,744065.0,744126.0,2020-03-25 16:54:05
2020-03-25 16:54:06,744065.0,744126.0,2020-03-25 16:54:06
2020-03-25 16:54:07,744065.0,744126.0,2020-03-25 16:54:07
2020-03-25 16:54:08,744065.0,744126.0,2020-03-25 16:54:08
2020-03-25 16:54:09,744065.0,744126.0,2020-03-25 16:54:09
2020-03-25 16:54:10,744144.0,744325.0,2020-03-25 16:54:10
2020-03-25 16:54:11,744144.0,744325.0,2020-03-25 16:54:11
2020-03-25 16:54:12,744144.0,744287.0,2020-03-25 16:54:12
2020-03-25 16:54:13,744144.0,744287.0,2020-03-25 16:54:13
2020-03-25 16:54:15,744077.0,744137.0,2020-03-25 16:54:14
2020-03-25 16:54:16,744077.0,744137.0,2020-03-25 16:54:16
2020-03-25 16:54:17,744177.0,744432.0,2020-03-25 16:54:17
2020-03-25 16:54:18,744177.0,744432.0,2020-03-25 16:54:18
2020-03-25 16:54:19,744177.0,744382.0,2020-03-25 16:54:19
2020-03-25 16:54:20,744177.0,744382.0,2020-03-25 16:54:20
2020-03-25 16:54:21,743996.0,744302.0,2020-03-25 16:54:21
2020-03-25 16:54:22,743996.0,744302.0,2020-03-25 16:54:22
2020-03-25 16:54:23,744259.0,744302.0,2020-03-25 16:54:23
2020-03-25 16:54:24,744259.0,744302.0,2020-03-25 16:54:24
2020-03-25 16:54:25,744311.0,744421.0,2020-03-25 16:54:25
2020-03-25 16:54:26,744311.0,744421.0,2020-03-25 16:54:26
2020-03-25 16:54:27,744314.0,744539.0,2020-03-25 16:54:27
2020-03-25 16:54:28,744314.0,744539.0,2020-03-25 16:54:28
2020-03-25 16:54:29,744662.0,744709.0,2020-03-25 16:54:29
2020-03-25 16:54:30,744662.0,744709.0,2020-03-25 16:54:30
2020-03-25 16:54:31,744783.0,745018.0,2020-03-25 16:54:31
2020-03-25 16:54:33,744783.0,745018.0,2020-03-25 16:54:32
2020-03-25 16:54:34,744806.0,745013.0,2020-03-25 16:54:34
2020-03-25 16:54:35,744806.0,745013.0,2020-03-25 16:54:35
2020-03-25 16:54:36,744849.0,745082.0,2020-03-25 16:54:36
2020-03-25 16:54:37,744849.0,745082.0,2020-03-25 16:54:37
2020-03-25 16:54:38,744861.0,745077.0,2020-03-25 16:54:38
2020-03-25 16:54:39,744861.0,745074.0,2020-03-25 16:54:39
2020-03-25 16:54:40,744861.0,745074.0,2020-03-25 16:54:40
2020-03-25 16:54:41,744808.0,745079.0,2020-03-25 16:54:41
2020-03-25 16:54:42,744808.0,745079.0,2020-03-25 16:54:42
2020-03-25 16:54:43,744892.0,745079.0,2020-03-25 16:54:43
2020-03-25 16:54:44,744892.0,745079.0,2020-03-25 16:54:44
2020-03-25 16:54:45,744945.0,745079.0,2020-03-25 16:54:45
2020-03-25 16:54:46,744945.0,745079.0,2020-03-25 16:54:46
2020-03-25 16:54:47,745161.0,745330.0,2020-03-25 16:54:47
2020-03-25 16:54:48,745161.0,745330.0,2020-03-25 16:54:48
2020-03-25 16:54:50,745473.0,745476.0,2020-03-25 16:54:49
2020-03-25 16:54:51,745473.0,745476.0,2020-03-25 16:54:51
2020-03-25 16:54:52,745515.0,745583.0,2020-03-25 16:54:52
2020-03-25 16:54:53,745515.0,745583.0,2020-03-25 16:54:53
2020-03-25 16:54:54,745633.0,745869.0,2020-03-25 16:54:54
2020-03-25 16:54:55,745633.0,745869.0,2020-03-25 16:54:55
2020-03-25 16:54:56,745654.0,745661.0,2020-03-25 16:54:56
2020-03-25 16:54:57,745654.0,745661.0,2020-03-25 16:54:57
2020-03-25 16:54:58,745563.0,745748.0,2020-03-25 16:54:58
2020-03-25 16:54:59,745563.0,745748.0,2020-03-25 16:54:59
2020-03-25 16:55:00,745709.0,745853.0,2020-03-25 16:55:00
2020-03-25 16:55:01,745709.0,745853.0,2020-03-25 16:55:01
2020-03-25 16:55:02,745350.0,745665.0,2020-03-25 16:55:02
2020-03-25 16:55:03,745350.0,745665.0,2020-03-25 16:55:03
2020-03-25 16:55:04,745476.0,745586.0,2020-03-25 16:55:04
2020-03-25 16:55:06,745476.0,745586.0,2020-03-25 16:55:05
2020-03-25 16:55:07,745302.0,745574.0,2020-03-25 16:55:07
2020-03-25 16:55:08,745302.0,745574.0,2020-03-25 16:55:08
2020-03-25 16:55:09,745082.0,745529.0,2020-03-25 16:55:09
2020-03-25 16:55:10,745082.0,745529.0,2020-03-25 16:55:10
2020-03-25 16:55:11,744973.0,745261.0,2020-03-25 16:55:11
2020-03-25 16:55:12,744973.0,745261.0,2020-03-25 16:55:12
2020-03-25 16:55:13,744973.0,745261.0,2020-03-25 16:55:13
2020-03-25 16:55:14,744973.0,745261.0,2020-03-25 16:55:14
2020-03-25 16:55:15,744973.0,745261.0,2020-03-25 16:55:15
2020-03-25 16:55:16,744973.0,745261.0,2020-03-25 16:55:16
2020-03-25 16:55:17,744801.0,744888.0,2020-03-25 16:55:17
2020-03-25 16:55:18,744801.0,744888.0,2020-03-25 16:55:18
2020-03-25 16:55:19,745235.0,745306.0,2020-03-25 16:55:19
2020-03-25 16:55:20,745235.0,745306.0,2020-03-25 16:55:20
2020-03-25 16:55:21,745235.0,745306.0,2020-03-25 16:55:21
2020-03-25 16:55:22,745235.0,745306.0,2020-03-25 16:55:22
2020-03-25 16:55:23,745202.0,745447.0,2020-03-25 16:55:23
2020-03-25 16:55:25,745202.0,745447.0,2020-03-25 16:55:24
2020-03-25 16:55:26,744849.0,745260.0,2020-03-25 16:55:26
2020-03-25 16:55:27,744849.0,745260.0,2020-03-25 16:55:27
2020-03-25 16:55:28,744850.0,745165.0,2020-03-25 16:55:28
2020-03-25 16:55:29,744850.0,745165.0,2020-03-25 16:55:29
2020-03-25 16:55:30,744879.0,745137.0,2020-03-25 16:55:30
2020-03-25 16:55:31,744879.0,745137.0,2020-03-25 16:55:31
2020-03-25 16:55:32,744880.0,745279.0,2020-03-25 16:55:32
2020-03-25 16:55:33,744880.0,745279.0,2020-03-25 16:55:33
2020-03-25 16:55:34,745145.0,745318.0,2020-03-25 16:55:34
2020-03-25 16:55:35,745145.0,745318.0,2020-03-25 16:55:35
2020-03-25 16:55:36,745159.0,745435.0,2020-03-25 16:55:36
2020-03-25 16:55:37,745159.0,745435.0,2020-03-25 16:55:37
2020-03-25 16:55:38,745206.0,745590.0,2020-03-25 16:55:38
2020-03-25 16:55:40,745206.0,745590.0,2020-03-25 16:55:39
2020-03-25 16:55:41,745217.0,745590.0,2020-03-25 16:55:41
2020-03-25 16:55:42,745217.0,745590.0,2020-03-25 16:55:42
2020-03-25 16:55:43,745248.0,745590.0,2020-03-25 16:55:43
2020-03-25 16:55:44,745248.0,745590.0,2020-03-25 16:55:44
2020-03-25 16:55:45,745291.0,745565.0,2020-03-25 16:55:45
2020-03-25 16:55:46,745291.0,745565.0,2020-03-25 16:55:46
2020-03-25 16:55:47,745514.0,745580.0,2020-03-25 16:55:47
2020-03-25 16:55:48,745514.0,745580.0,2020-03-25 16:55:48
2020-03-25 16:55:49,745319.0,745490.0,2020-03-25 16:55:49
2020-03-25 16:55:50,745319.0,745490.0,2020-03-25 16:55:50
2020-03-25 16:55:51,744874.0,745244.0,2020-03-25 16:55:51
2020-03-25 16:55:52,744874.0,745244.0,2020-03-25 16:55:52
2020-03-25 16:55:53,745040.0,745186.0,2020-03-25 16:55:53
2020-03-25 16:55:54,745040.0,745186.0,2020-03-25 16:55:54
2020-03-25 16:55:55,745055.0,745186.0,2020-03-25 16:55:55
2020-03-25 16:55:56,745055.0,745186.0,2020-03-25 16:55:56
2020-03-25 16:55:57,745044.0,745343.0,2020-03-25 16:55:57
2020-03-25 16:55:59,745044.0,745343.0,2020-03-25 16:55:58
2020-03-25 16:56:00,745163.0,745490.0,2020-03-25 16:56:00
2020-03-25 16:56:01,745460.0,745500.0,2020-03-25 16:56:01
2020-03-25 16:56:02,745460.0,745500.0,2020-03-25 16:56:02
2020-03-25 16:56:03,745163.0,745504.0,2020-03-25 16:56:03
2020-03-25 16:56:04,745163.0,745504.0,2020-03-25 16:56:04
2020-03-25 16:56:05,745232.0,745504.0,2020-03-25 16:56:05
2020-03-25 16:56:06,745232.0,745504.0,2020-03-25 16:56:06
2020-03-25 16:56:07,745174.0,745504.0,2020-03-25 16:56:07
2020-03-25 16:56:08,745174.0,745504.0,2020-03-25 16:56:08
2020-03-25 16:56:09,745179.0,745699.0,2020-03-25 16:56:09
2020-03-25 16:56:10,745179.0,745699.0,2020-03-25 16:56:10
2020-03-25 16:56:11,745179.0,745699.0,2020-03-25 16:56:11
2020-03-25 16:56:13,745179.0,745699.0,2020-03-25 16:56:12
2020-03-25 16:56:14,745179.0,745699.0,2020-03-25 16:56:14
2020-03-25 16:56:15,745179.0,745699.0,2020-03-25 16:56:15
2020-03-25 16:56:16,745267.0,745565.0,2020-03-25 16:56:16
2020-03-25 16:56:17,745267.0,745565.0,2020-03-25 16:56:17
2020-03-25 16:56:18,745256.0,745480.0,2020-03-25 16:56:18
2020-03-25 16:56:19,745256.0,745480.0,2020-03-25 16:56:19
2020-03-25 16:56:20,745140.0,745234.0,2020-03-25 16:56:20
2020-03-25 16:56:21,745140.0,745234.0,2020-03-25 16:56:21
2020-03-25 16:56:22,745295.0,745480.0,2020-03-25 16:56:22
2020-03-25 16:56:23,745295.0,745480.0,2020-03-25 16:56:23
2020-03-25 16:56:24,745492.0,745680.0,2020-03-25 16:56:24
2020-03-25 16:56:25,745492.0,745680.0,2020-03-25 16:56:25
2020-03-25 16:56:26,745580.0,745680.0,2020-03-25 16:56:26
2020-03-25 16:56:27,745580.0,745680.0,2020-03-25 16:56:27
2020-03-25 16:56:28,745587.0,745621.0,2020-03-25 16:56:28
2020-03-25 16:56:30,745587.0,745621.0,2020-03-25 16:56:29
2020-03-25 16:56:31,745429.0,745714.0,2020-03-25 16:56:31
2020-03-25 16:56:32,745429.0,745714.0,2020-03-25 16:56:32
2020-03-25 16:56:33,745369.0,745587.0,2020-03-25 16:56:33
2020-03-25 16:56:34,745369.0,745587.0,2020-03-25 16:56:34
2020-03-25 16:56:35,745309.0,745587.0,2020-03-25 16:56:35
2020-03-25 16:56:36,745309.0,745587.0,2020-03-25 16:56:36
2020-03-25 16:56:37,745342.0,745638.0,2020-03-25 16:56:37
2020-03-25 16:56:38,745342.0,745638.0,2020-03-25 16:56:38
2020-03-25 16:56:39,745324.0,745636.0,2020-03-25 16:56:39
2020-03-25 16:56:40,745324.0,745636.0,2020-03-25 16:56:40
2020-03-25 16:56:41,745324.0,745637.0,2020-03-25 16:56:41
2020-03-25 16:56:42,745324.0,745637.0,2020-03-25 16:56:42
2020-03-25 16:56:43,745547.0,745636.0,2020-03-25 16:56:43
2020-03-25 16:56:44,745547.0,745636.0,2020-03-25 16:56:44
2020-03-25 16:56:45,745547.0,745636.0,2020-03-25 16:56:45
2020-03-25 16:56:47,745547.0,745636.0,2020-03-25 16:56:46
2020-03-25 16:56:48,745484.0,745636.0,2020-03-25 16:56:48
2020-03-25 16:56:49,745484.0,745636.0,2020-03-25 16:56:49
2020-03-25 16:56:50,745704.0,745829.0,2020-03-25 16:56:50
2020-03-25 16:56:51,745704.0,745829.0,2020-03-25 16:56:51
2020-03-25 16:56:52,745704.0,745824.0,2020-03-25 16:56:52
2020-03-25 16:56:53,745704.0,745824.0,2020-03-25 16:56:53
2020-03-25 16:56:54,745615.0,745821.0,2020-03-25 16:56:54
2020-03-25 16:56:55,745615.0,745821.0,2020-03-25 16:56:55
2020-03-25 16:56:56,745616.0,745821.0,2020-03-25 16:56:56
2020-03-25 16:56:57,745616.0,745821.0,2020-03-25 16:56:57
2020-03-25 16:56:58,745616.0,745821.0,2020-03-25 16:56:58
2020-03-25 16:56:59,745616.0,745821.0,2020-03-25 16:56:59
2020-03-25 16:57:00,745616.0,745821.0,2020-03-25 16:57:00
2020-03-25 16:57:02,745616.0,745821.0,2020-03-25 16:57:01
2020-03-25 16:57:03,745480.0,745848.0,2020-03-25 16:57:03
2020-03-25 16:57:04,745480.0,745848.0,2020-03-25 16:57:04
2020-03-25 16:57:05,745492.0,745811.0,2020-03-25 16:57:05
2020-03-25 16:57:06,745492.0,745811.0,2020-03-25 16:57:06
2020-03-25 16:57:07,745477.0,745803.0,2020-03-25 16:57:07
2020-03-25 16:57:08,745477.0,745803.0,2020-03-25 16:57:08
2020-03-25 16:57:09,745430.0,745433.0,2020-03-25 16:57:09
2020-03-25 16:57:10,745430.0,745433.0,2020-03-25 16:57:10
2020-03-25 16:57:11,744758.0,744916.0,2020-03-25 16:57:11
2020-03-25 16:57:12,744858.0,745025.0,2020-03-25 16:57:12
2020-03-25 16:57:13,744858.0,745025.0,2020-03-25 16:57:13
2020-03-25 16:57:14,744820.0,744989.0,2020-03-25 16:57:14
2020-03-25 16:57:15,744820.0,744989.0,2020-03-25 16:57:15
2020-03-25 16:57:16,744820.0,744989.0,2020-03-25 16:57:16
2020-03-25 16:57:18,744820.0,744989.0,2020-03-25 16:57:17
2020-03-25 16:57:19,744820.0,745012.0,2020-03-25 16:57:19
2020-03-25 16:57:20,744820.0,745012.0,2020-03-25 16:57:20
2020-03-25 16:57:21,745054.0,745149.0,2020-03-25 16:57:21
2020-03-25 16:57:22,745054.0,745149.0,2020-03-25 16:57:22
2020-03-25 16:57:23,745054.0,745148.0,2020-03-25 16:57:23
2020-03-25 16:57:24,745054.0,745148.0,2020-03-25 16:57:24
2020-03-25 16:57:25,745046.0,745224.0,2020-03-25 16:57:25
2020-03-25 16:57:26,745046.0,745224.0,2020-03-25 16:57:26
2020-03-25 16:57:27,745046.0,745219.0,2020-03-25 16:57:27
2020-03-25 16:57:28,745046.0,745219.0,2020-03-25 16:57:28
2020-03-25 16:57:30,745064.0,745210.0,2020-03-25 16:57:29
2020-03-25 16:57:31,745064.0,745210.0,2020-03-25 16:57:31
2020-03-25 16:57:32,745077.0,745224.0,2020-03-25 16:57:32
2020-03-25 16:57:33,745077.0,745224.0,2020-03-25 16:57:33
2020-03-25 16:57:34,745106.0,745390.0,2020-03-25 16:57:34
2020-03-25 16:57:35,745106.0,745390.0,2020-03-25 16:57:35
2020-03-25 16:57:36,745110.0,745335.0,2020-03-25 16:57:36
2020-03-25 16:57:37,745110.0,745335.0,2020-03-25 16:57:37
2020-03-25 16:57:38,745121.0,745321.0,2020-03-25 16:57:38
2020-03-25 16:57:39,745121.0,745321.0,2020-03-25 16:57:39
2020-03-25 16:57:40,745054.0,745313.0,2020-03-25 16:57:40
2020-03-25 16:57:41,745054.0,745313.0,2020-03-25 16:57:41
2020-03-25 16:57:42,745046.0,745123.0,2020-03-25 16:57:42
2020-03-25 16:57:43,745046.0,745123.0,2020-03-25 16:57:43
2020-03-25 16:57:44,745046.0,745052.0,2020-03-25 16:57:44
2020-03-25 16:57:45,745046.0,745052.0,2020-03-25 16:57:45
2020-03-25 16:57:46,745046.0,745122.0,2020-03-25 16:57:46
2020-03-25 16:57:47,745046.0,745122.0,2020-03-25 16:57:47
2020-03-25 16:57:49,744818.0,744999.0,2020-03-25 16:57:48
2020-03-25 16:57:50,744818.0,744999.0,2020-03-25 16:57:50
2020-03-25 16:57:51,744818.0,745018.0,2020-03-25 16:57:51
2020-03-25 16:57:52,744818.0,745018.0,2020-03-25 16:57:52
2020-03-25 16:57:53,744978.0,745031.0,2020-03-25 16:57:53
2020-03-25 16:57:54,744978.0,745031.0,2020-03-25 16:57:54
2020-03-25 16:57:55,744978.0,745031.0,2020-03-25 16:57:55
2020-03-25 16:57:56,744978.0,745031.0,2020-03-25 16:57:56
2020-03-25 16:57:57,744978.0,745031.0,2020-03-25 16:57:57
2020-03-25 16:57:58,744978.0,745031.0,2020-03-25 16:57:58
2020-03-25 16:57:59,744978.0,745031.0,2020-03-25 16:57:59
2020-03-25 16:58:00,745288.0,745390.0,2020-03-25 16:58:00
2020-03-25 16:58:01,745288.0,745390.0,2020-03-25 16:58:01
2020-03-25 16:58:02,745219.0,745373.0,2020-03-25 16:58:02
2020-03-25 16:58:03,745219.0,745373.0,2020-03-25 16:58:03
2020-03-25 16:58:04,745264.0,745368.0,2020-03-25 16:58:04
2020-03-25 16:58:06,745264.0,745368.0,2020-03-25 16:58:05
2020-03-25 16:58:07,745264.0,745385.0,2020-03-25 16:58:07
2020-03-25 16:58:08,745264.0,745385.0,2020-03-25 16:58:08
2020-03-25 16:58:09,745264.0,745326.0,2020-03-25 16:58:09
2020-03-25 16:58:10,745264.0,745326.0,2020-03-25 16:58:10
2020-03-25 16:58:11,745264.0,745385.0,2020-03-25 16:58:11
2020-03-25 16:58:12,745264.0,745385.0,2020-03-25 16:58:12
2020-03-25 16:58:13,745264.0,745385.0,2020-03-25 16:58:13
2020-03-25 16:58:14,745264.0,745385.0,2020-03-25 16:58:14
2020-03-25 16:58:15,745264.0,745385.0,2020-03-25 16:58:15
2020-03-25 16:58:16,745264.0,745385.0,2020-03-25 16:58:16
2020-03-25 16:58:17,745041.0,745353.0,2020-03-25 16:58:17
2020-03-25 16:58:18,745041.0,745353.0,2020-03-25 16:58:18
2020-03-25 16:58:19,745196.0,745344.0,2020-03-25 16:58:19
2020-03-25 16:58:20,745196.0,745344.0,2020-03-25 16:58:20
2020-03-25 16:58:21,745211.0,745344.0,2020-03-25 16:58:21
2020-03-25 16:58:22,745211.0,745344.0,2020-03-25 16:58:22
2020-03-25 16:58:24,745229.0,745344.0,2020-03-25 16:58:23
2020-03-25 16:58:25,745229.0,745344.0,2020-03-25 16:58:25
2020-03-25 16:58:26,745229.0,745344.0,2020-03-25 16:58:26
2020-03-25 16:58:27,745229.0,745344.0,2020-03-25 16:58:27
2020-03-25 16:58:28,745230.0,745344.0,2020-03-25 16:58:28
2020-03-25 16:58:29,745230.0,745344.0,2020-03-25 16:58:29
2020-03-25 16:58:30,745231.0,745323.0,2020-03-25 16:58:30
2020-03-25 16:58:31,745231.0,745323.0,2020-03-25 16:58:31
2020-03-25 16:58:32,745273.0,745320.0,2020-03-25 16:58:32
2020-03-25 16:58:33,745273.0,745320.0,2020-03-25 16:58:33
2020-03-25 16:58:34,745196.0,745312.0,2020-03-25 16:58:34
2020-03-25 16:58:35,745196.0,745312.0,2020-03-25 16:58:35
2020-03-25 16:58:36,745196.0,745312.0,2020-03-25 16:58:36
2020-03-25 16:58:37,745196.0,745312.0,2020-03-25 16:58:37
2020-03-25 16:58:38,745091.0,745279.0,2020-03-25 16:58:38
2020-03-25 16:58:39,745091.0,745279.0,2020-03-25 16:58:39
2020-03-25 16:58:40,745138.0,745256.0,2020-03-25 16:58:40
2020-03-25 16:58:41,745138.0,745256.0,2020-03-25 16:58:41
2020-03-25 16:58:42,745103.0,745256.0,2020-03-25 16:58:42
2020-03-25 16:58:44,745103.0,745256.0,2020-03-25 16:58:43
2020-03-25 16:58:45,744896.0,745073.0,2020-03-25 16:58:45
2020-03-25 16:58:46,744896.0,745073.0,2020-03-25 16:58:46
2020-03-25 16:58:47,744936.0,745073.0,2020-03-25 16:58:47
2020-03-25 16:58:48,744936.0,745073.0,2020-03-25 16:58:48
2020-03-25 16:58:49,744919.0,745072.0,2020-03-25 16:58:49
2020-03-25 16:58:50,744919.0,745072.0,2020-03-25 16:58:50
2020-03-25 16:58:51,744897.0,745123.0,2020-03-25 16:58:51
2020-03-25 16:58:52,744897.0,745123.0,2020-03-25 16:58:52
2020-03-25 16:58:53,744950.0,745165.0,2020-03-25 16:58:53
2020-03-25 16:58:54,744950.0,745165.0,2020-03-25 16:58:54
2020-03-25 16:58:55,744972.0,745165.0,2020-03-25 16:58:55
2020-03-25 16:58:56,744972.0,745165.0,2020-03-25 16:58:56
2020-03-25 16:58:57,744972.0,745165.0,2020-03-25 16:58:57
2020-03-25 16:58:58,744972.0,745165.0,2020-03-25 16:58:58
2020-03-25 16:58:59,744972.0,745165.0,2020-03-25 16:58:59
2020-03-25 16:59:00,744972.0,745165.0,2020-03-25 16:59:00
2020-03-25 16:59:02,744956.0,745145.0,2020-03-25 16:59:01
2020-03-25 16:59:03,744956.0,745145.0,2020-03-25 16:59:03
2020-03-25 16:59:04,745045.0,745257.0,2020-03-25 16:59:04
2020-03-25 16:59:05,745045.0,745257.0,2020-03-25 16:59:05
2020-03-25 16:59:06,745031.0,745245.0,2020-03-25 16:59:06
2020-03-25 16:59:07,745031.0,745245.0,2020-03-25 16:59:07
2020-03-25 16:59:08,745031.0,745225.0,2020-03-25 16:59:08
2020-03-25 16:59:09,745031.0,745225.0,2020-03-25 16:59:09
2020-03-25 16:59:10,745200.0,745225.0,2020-03-25 16:59:10
2020-03-25 16:59:11,745200.0,745225.0,2020-03-25 16:59:11
2020-03-25 16:59:12,745200.0,745225.0,2020-03-25 16:59:12
2020-03-25 16:59:13,745200.0,745225.0,2020-03-25 16:59:13
2020-03-25 16:59:14,745031.0,745269.0,2020-03-25 16:59:14
2020-03-25 16:59:15,745031.0,745269.0,2020-03-25 16:59:15
2020-03-25 16:59:16,745045.0,745194.0,2020-03-25 16:59:16
2020-03-25 16:59:17,745045.0,745194.0,2020-03-25 16:59:17
2020-03-25 16:59:19,745070.0,745292.0,2020-03-25 16:59:18
2020-03-25 16:59:20,745070.0,745292.0,2020-03-25 16:59:20
2020-03-25 16:59:21,745034.0,745274.0,2020-03-25 16:59:21
2020-03-25 16:59:22,745034.0,745274.0,2020-03-25 16:59:22
2020-03-25 16:59:23,745012.0,745274.0,2020-03-25 16:59:23
2020-03-25 16:59:24,745012.0,745274.0,2020-03-25 16:59:24
2020-03-25 16:59:25,745021.0,745302.0,2020-03-25 16:59:25
2020-03-25 16:59:26,745021.0,745302.0,2020-03-25 16:59:26
2020-03-25 16:59:27,745125.0,745289.0,2020-03-25 16:59:27
2020-03-25 16:59:28,745125.0,745289.0,2020-03-25 16:59:28
2020-03-25 16:59:29,745810.0,745830.0,2020-03-25 16:59:29
2020-03-25 16:59:30,745810.0,745830.0,2020-03-25 16:59:30
2020-03-25 16:59:31,745813.0,745830.0,2020-03-25 16:59:31
2020-03-25 16:59:32,745813.0,745830.0,2020-03-25 16:59:32
2020-03-25 16:59:33,745900.0,746066.0,2020-03-25 16:59:33
2020-03-25 16:59:34,745900.0,746066.0,2020-03-25 16:59:34
2020-03-25 16:59:36,745904.0,746110.0,2020-03-25 16:59:35
2020-03-25 16:59:37,745904.0,746110.0,2020-03-25 16:59:37
2020-03-25 16:59:38,745828.0,745882.0,2020-03-25 16:59:38
2020-03-25 16:59:39,745828.0,745882.0,2020-03-25 16:59:39
2020-03-25 16:59:40,745842.0,745950.0,2020-03-25 16:59:40
2020-03-25 16:59:41,745842.0,745950.0,2020-03-25 16:59:41
2020-03-25 16:59:42,745842.0,745950.0,2020-03-25 16:59:42
2020-03-25 16:59:43,745842.0,745950.0,2020-03-25 16:59:43
2020-03-25 16:59:44,745847.0,745950.0,2020-03-25 16:59:44
2020-03-25 16:59:45,745847.0,745950.0,2020-03-25 16:59:45
2020-03-25 16:59:46,745849.0,746049.0,2020-03-25 16:59:46
2020-03-25 16:59:47,745849.0,746049.0,2020-03-25 16:59:47
2020-03-25 16:59:48,746050.0,746155.0,2020-03-25 16:59:48
2020-03-25 16:59:49,746050.0,746155.0,2020-03-25 16:59:49
2020-03-25 16:59:50,745855.0,746069.0,2020-03-25 16:59:50
2020-03-25 16:59:51,745855.0,746069.0,2020-03-25 16:59:51
2020-03-25 16:59:53,745805.0,746100.0,2020-03-25 16:59:52
2020-03-25 16:59:54,745805.0,746100.0,2020-03-25 16:59:54
2020-03-25 16:59:55,745860.0,746100.0,2020-03-25 16:59:55
2020-03-25 16:59:56,745860.0,746100.0,2020-03-25 16:59:56
2020-03-25 16:59:57,745862.0,746100.0,2020-03-25 16:59:57
2020-03-25 16:59:58,745862.0,746100.0,2020-03-25 16:59:58
2020-03-25 16:59:59,745883.0,746075.0,2020-03-25 16:59:59
2020-03-25 17:00:00,745883.0,746075.0,2020-03-25 17:00:00
2020-03-25 17:00:01,745883.0,746075.0,2020-03-25 17:00:01
2020-03-25 17:00:02,745883.0,746075.0,2020-03-25 17:00:02
2020-03-25 17:00:03,745883.0,746075.0,2020-03-25 17:00:03
2020-03-25 17:00:05,745862.0,745906.0,2020-03-25 17:00:04
2020-03-25 17:00:06,745862.0,745906.0,2020-03-25 17:00:06
2020-03-25 17:00:07,745690.0,745850.0,2020-03-25 17:00:07
2020-03-25 17:00:08,745690.0,745850.0,2020-03-25 17:00:08
2020-03-25 17:00:09,745690.0,745850.0,2020-03-25 17:00:09
2020-03-25 17:00:10,745690.0,745850.0,2020-03-25 17:00:10
2020-03-25 17:00:11,745753.0,745840.0,2020-03-25 17:00:11
2020-03-25 17:00:12,745753.0,745840.0,2020-03-25 17:00:12
2020-03-25 17:00:13,745800.0,745853.0,2020-03-25 17:00:13
2020-03-25 17:00:15,745861.0,746005.0,2020-03-25 17:00:14
2020-03-25 17:00:16,745861.0,746005.0,2020-03-25 17:00:16
2020-03-25 17:00:17,745861.0,746142.0,2020-03-25 17:00:17
2020-03-25 17:00:18,745861.0,746142.0,2020-03-25 17:00:18
2020-03-25 17:00:19,745869.0,746154.0,2020-03-25 17:00:19
2020-03-25 17:00:20,745869.0,746154.0,2020-03-25 17:00:20
2020-03-25 17:00:21,746034.0,746131.0,2020-03-25 17:00:21
2020-03-25 17:00:22,746034.0,746131.0,2020-03-25 17:00:22
2020-03-25 17:00:23,746052.0,746131.0,2020-03-25 17:00:23
2020-03-25 17:00:24,746052.0,746131.0,2020-03-25 17:00:24
2020-03-25 17:00:25,745800.0,745960.0,2020-03-25 17:00:25
2020-03-25 17:00:26,745800.0,745960.0,2020-03-25 17:00:26
2020-03-25 17:00:27,745883.0,746045.0,2020-03-25 17:00:27
2020-03-25 17:00:28,745883.0,746045.0,2020-03-25 17:00:28
2020-03-25 17:00:29,745845.0,746058.0,2020-03-25 17:00:29
2020-03-25 17:00:31,745845.0,746058.0,2020-03-25 17:00:30
2020-03-25 17:00:32,745845.0,746019.0,2020-03-25 17:00:32
2020-03-25 17:00:33,745845.0,746019.0,2020-03-25 17:00:33
2020-03-25 17:00:34,745845.0,745985.0,2020-03-25 17:00:34
2020-03-25 17:00:35,745845.0,745985.0,2020-03-25 17:00:35
2020-03-25 17:00:36,745690.0,745779.0,2020-03-25 17:00:36
2020-03-25 17:00:37,745690.0,745779.0,2020-03-25 17:00:37
2020-03-25 17:00:38,745624.0,745879.0,2020-03-25 17:00:38
2020-03-25 17:00:39,745624.0,745879.0,2020-03-25 17:00:39
2020-03-25 17:00:40,745487.0,745492.0,2020-03-25 17:00:40
2020-03-25 17:00:41,745487.0,745492.0,2020-03-25 17:00:41
2020-03-25 17:00:42,745331.0,745426.0,2020-03-25 17:00:42
2020-03-25 17:00:43,745331.0,745426.0,2020-03-25 17:00:43
2020-03-25 17:00:44,745230.0,745400.0,2020-03-25 17:00:44
2020-03-25 17:00:45,745230.0,745400.0,2020-03-25 17:00:45
2020-03-25 17:00:47,745296.0,745363.0,2020-03-25 17:00:46
2020-03-25 17:00:48,745296.0,745363.0,2020-03-25 17:00:48
2020-03-25 17:00:49,745161.0,745306.0,2020-03-25 17:00:49
2020-03-25 17:00:50,745161.0,745306.0,2020-03-25 17:00:50
2020-03-25 17:00:51,745161.0,745336.0,2020-03-25 17:00:51
2020-03-25 17:00:52,745161.0,745336.0,2020-03-25 17:00:52
2020-03-25 17:00:53,745017.0,745296.0,2020-03-25 17:00:53
2020-03-25 17:00:54,745017.0,745296.0,2020-03-25 17:00:54
2020-03-25 17:00:55,745200.0,745270.0,2020-03-25 17:00:55
2020-03-25 17:00:56,745200.0,745270.0,2020-03-25 17:00:56
2020-03-25 17:00:57,745200.0,745267.0,2020-03-25 17:00:57
2020-03-25 17:00:58,745200.0,745267.0,2020-03-25 17:00:58
2020-03-25 17:00:59,744885.0,744953.0,2020-03-25 17:00:59
2020-03-25 17:01:00,744885.0,744953.0,2020-03-25 17:01:00
2020-03-25 17:01:01,744885.0,744953.0,2020-03-25 17:01:01
2020-03-25 17:01:02,744885.0,744953.0,2020-03-25 17:01:02
2020-03-25 17:01:04,744885.0,744953.0,2020-03-25 17:01:03
2020-03-25 17:01:05,744885.0,744953.0,2020-03-25 17:01:05
2020-03-25 17:01:06,744474.0,744879.0,2020-03-25 17:01:06
2020-03-25 17:01:07,744474.0,744879.0,2020-03-25 17:01:07
2020-03-25 17:01:08,744871.0,744910.0,2020-03-25 17:01:08
2020-03-25 17:01:09,744871.0,744910.0,2020-03-25 17:01:09
2020-03-25 17:01:10,744872.0,744940.0,2020-03-25 17:01:10
2020-03-25 17:01:11,744679.0,744895.0,2020-03-25 17:01:11
2020-03-25 17:01:12,744679.0,744895.0,2020-03-25 17:01:12
2020-03-25 17:01:13,744966.0,745134.0,2020-03-25 17:01:13
2020-03-25 17:01:14,744966.0,745134.0,2020-03-25 17:01:14
2020-03-25 17:01:15,744991.0,745180.0,2020-03-25 17:01:15
2020-03-25 17:01:16,744991.0,745180.0,2020-03-25 17:01:16
2020-03-25 17:01:18,744754.0,745099.0,2020-03-25 17:01:17
2020-03-25 17:01:19,744754.0,745099.0,2020-03-25 17:01:19
2020-03-25 17:01:20,744742.0,744848.0,2020-03-25 17:01:20
2020-03-25 17:01:21,744742.0,744848.0,2020-03-25 17:01:21
2020-03-25 17:01:22,744586.0,744789.0,2020-03-25 17:01:22
2020-03-25 17:01:23,744586.0,744789.0,2020-03-25 17:01:23
2020-03-25 17:01:24,744586.0,744709.0,2020-03-25 17:01:24
2020-03-25 17:01:25,744586.0,744709.0,2020-03-25 17:01:25
2020-03-25 17:01:26,744500.0,744687.0,2020-03-25 17:01:26
2020-03-25 17:01:27,744500.0,744687.0,2020-03-25 17:01:27
2020-03-25 17:01:28,744300.0,744550.0,2020-03-25 17:01:28
2020-03-25 17:01:29,744300.0,744550.0,2020-03-25 17:01:29
2020-03-25 17:01:30,744554.0,744763.0,2020-03-25 17:01:30
2020-03-25 17:01:32,744554.0,744763.0,2020-03-25 17:01:31
2020-03-25 17:01:33,744543.0,744729.0,2020-03-25 17:01:33
2020-03-25 17:01:34,744543.0,744729.0,2020-03-25 17:01:34
2020-03-25 17:01:35,744431.0,744629.0,2020-03-25 17:01:35
2020-03-25 17:01:36,744431.0,744629.0,2020-03-25 17:01:36
2020-03-25 17:01:37,744361.0,744543.0,2020-03-25 17:01:37
2020-03-25 17:01:38,744361.0,744543.0,2020-03-25 17:01:38
2020-03-25 17:01:39,744417.0,744447.0,2020-03-25 17:01:39
2020-03-25 17:01:40,744417.0,744447.0,2020-03-25 17:01:40
2020-03-25 17:01:41,744392.0,744429.0,2020-03-25 17:01:41
2020-03-25 17:01:42,744392.0,744429.0,2020-03-25 17:01:42
2020-03-25 17:01:43,744408.0,744447.0,2020-03-25 17:01:43
2020-03-25 17:01:44,744408.0,744447.0,2020-03-25 17:01:44
2020-03-25 17:01:45,744634.0,744840.0,2020-03-25 17:01:45
2020-03-25 17:01:46,744634.0,744840.0,2020-03-25 17:01:46
2020-03-25 17:01:47,744521.0,744806.0,2020-03-25 17:01:47
2020-03-25 17:01:49,744521.0,744806.0,2020-03-25 17:01:48
2020-03-25 17:01:50,744540.0,744805.0,2020-03-25 17:01:50
2020-03-25 17:01:51,744540.0,744805.0,2020-03-25 17:01:51
2020-03-25 17:01:52,744405.0,744804.0,2020-03-25 17:01:52
2020-03-25 17:01:53,744405.0,744804.0,2020-03-25 17:01:53
2020-03-25 17:01:54,744405.0,744640.0,2020-03-25 17:01:54
2020-03-25 17:01:55,744405.0,744640.0,2020-03-25 17:01:55
2020-03-25 17:01:56,744419.0,744640.0,2020-03-25 17:01:56
2020-03-25 17:01:57,744419.0,744640.0,2020-03-25 17:01:57
2020-03-25 17:01:58,744359.0,744390.0,2020-03-25 17:01:58
2020-03-25 17:01:59,744359.0,744390.0,2020-03-25 17:01:59
2020-03-25 17:02:00,744360.0,744640.0,2020-03-25 17:02:00
2020-03-25 17:02:01,744360.0,744640.0,2020-03-25 17:02:01
2020-03-25 17:02:02,744590.0,744662.0,2020-03-25 17:02:02
2020-03-25 17:02:04,744590.0,744662.0,2020-03-25 17:02:04
2020-03-25 17:02:05,744590.0,744662.0,2020-03-25 17:02:05
2020-03-25 17:02:06,744590.0,744662.0,2020-03-25 17:02:06
2020-03-25 17:02:07,744590.0,744662.0,2020-03-25 17:02:07
2020-03-25 17:02:08,744590.0,744662.0,2020-03-25 17:02:08
2020-03-25 17:02:09,745080.0,745353.0,2020-03-25 17:02:09
2020-03-25 17:02:10,745080.0,745353.0,2020-03-25 17:02:10
2020-03-25 17:02:11,745279.0,745623.0,2020-03-25 17:02:11
2020-03-25 17:02:12,745131.0,745583.0,2020-03-25 17:02:12
2020-03-25 17:02:13,745131.0,745583.0,2020-03-25 17:02:13
2020-03-25 17:02:14,745145.0,745414.0,2020-03-25 17:02:14
2020-03-25 17:02:15,745145.0,745414.0,2020-03-25 17:02:15
2020-03-25 17:02:16,745526.0,745659.0,2020-03-25 17:02:16
2020-03-25 17:02:17,745526.0,745659.0,2020-03-25 17:02:17
2020-03-25 17:02:19,745506.0,745659.0,2020-03-25 17:02:18
2020-03-25 17:02:20,745506.0,745659.0,2020-03-25 17:02:20
2020-03-25 17:02:21,745443.0,745500.0,2020-03-25 17:02:21
2020-03-25 17:02:22,745443.0,745500.0,2020-03-25 17:02:22
2020-03-25 17:02:23,745243.0,745550.0,2020-03-25 17:02:23
2020-03-25 17:02:24,745243.0,745550.0,2020-03-25 17:02:24
2020-03-25 17:02:25,745190.0,745273.0,2020-03-25 17:02:25
2020-03-25 17:02:26,745190.0,745273.0,2020-03-25 17:02:26
2020-03-25 17:02:27,744934.0,745150.0,2020-03-25 17:02:27
2020-03-25 17:02:28,744934.0,745150.0,2020-03-25 17:02:28
2020-03-25 17:02:29,744947.0,745145.0,2020-03-25 17:02:29
2020-03-25 17:02:30,744947.0,745145.0,2020-03-25 17:02:30
2020-03-25 17:02:32,744790.0,745150.0,2020-03-25 17:02:31
2020-03-25 17:02:33,744790.0,745150.0,2020-03-25 17:02:33
2020-03-25 17:02:34,744826.0,745145.0,2020-03-25 17:02:34
2020-03-25 17:02:35,744826.0,745145.0,2020-03-25 17:02:35
2020-03-25 17:02:36,744805.0,745150.0,2020-03-25 17:02:36
2020-03-25 17:02:37,744805.0,745150.0,2020-03-25 17:02:37
2020-03-25 17:02:38,744906.0,745150.0,2020-03-25 17:02:38
2020-03-25 17:02:39,744906.0,745150.0,2020-03-25 17:02:39
2020-03-25 17:02:40,744774.0,745080.0,2020-03-25 17:02:40
2020-03-25 17:02:41,744774.0,745080.0,2020-03-25 17:02:41
2020-03-25 17:02:42,744694.0,745059.0,2020-03-25 17:02:42
2020-03-25 17:02:43,744694.0,745059.0,2020-03-25 17:02:43
2020-03-25 17:02:44,744731.0,745059.0,2020-03-25 17:02:44
2020-03-25 17:02:46,744731.0,745059.0,2020-03-25 17:02:45
2020-03-25 17:02:47,744892.0,745035.0,2020-03-25 17:02:47
2020-03-25 17:02:48,744892.0,745035.0,2020-03-25 17:02:48
2020-03-25 17:02:49,744690.0,744840.0,2020-03-25 17:02:49
2020-03-25 17:02:50,744690.0,744840.0,2020-03-25 17:02:50
2020-03-25 17:02:51,744382.0,744921.0,2020-03-25 17:02:51
2020-03-25 17:02:52,744565.0,744840.0,2020-03-25 17:02:52
2020-03-25 17:02:53,744565.0,744840.0,2020-03-25 17:02:53
2020-03-25 17:02:54,744413.0,744713.0,2020-03-25 17:02:54
2020-03-25 17:02:55,744413.0,744713.0,2020-03-25 17:02:55
2020-03-25 17:02:56,744547.0,744833.0,2020-03-25 17:02:56
2020-03-25 17:02:57,744547.0,744833.0,2020-03-25 17:02:57
2020-03-25 17:02:58,744547.0,744833.0,2020-03-25 17:02:58
2020-03-25 17:02:59,744547.0,744833.0,2020-03-25 17:02:59
2020-03-25 17:03:00,744547.0,744833.0,2020-03-25 17:03:00
2020-03-25 17:03:02,744547.0,744833.0,2020-03-25 17:03:01
2020-03-25 17:03:03,743703.0,743755.0,2020-03-25 17:03:03
2020-03-25 17:03:04,743703.0,743755.0,2020-03-25 17:03:04
2020-03-25 17:03:05,743703.0,743945.0,2020-03-25 17:03:05
2020-03-25 17:03:06,743703.0,743945.0,2020-03-25 17:03:06
2020-03-25 17:03:08,743766.0,743918.0,2020-03-25 17:03:07
2020-03-25 17:03:09,743766.0,743918.0,2020-03-25 17:03:09
2020-03-25 17:03:10,743629.0,743790.0,2020-03-25 17:03:10
2020-03-25 17:03:11,743629.0,743790.0,2020-03-25 17:03:11
2020-03-25 17:03:12,743740.0,743895.0,2020-03-25 17:03:12
2020-03-25 17:03:13,743841.0,743887.0,2020-03-25 17:03:13
2020-03-25 17:03:14,743841.0,743887.0,2020-03-25 17:03:14
2020-03-25 17:03:15,743887.0,743921.0,2020-03-25 17:03:15
2020-03-25 17:03:16,743887.0,743921.0,2020-03-25 17:03:16
2020-03-25 17:03:17,743515.0,743916.0,2020-03-25 17:03:17
2020-03-25 17:03:18,743515.0,743916.0,2020-03-25 17:03:18
2020-03-25 17:03:19,743666.0,744194.0,2020-03-25 17:03:19
2020-03-25 17:03:20,743666.0,744194.0,2020-03-25 17:03:20
2020-03-25 17:03:22,743699.0,744073.0,2020-03-25 17:03:21
2020-03-25 17:03:23,743699.0,744073.0,2020-03-25 17:03:23
2020-03-25 17:03:24,743711.0,743890.0,2020-03-25 17:03:24
2020-03-25 17:03:25,743711.0,743890.0,2020-03-25 17:03:25
2020-03-25 17:03:26,743729.0,743890.0,2020-03-25 17:03:26
2020-03-25 17:03:27,743729.0,743890.0,2020-03-25 17:03:27
2020-03-25 17:03:28,743717.0,743792.0,2020-03-25 17:03:28
2020-03-25 17:03:29,743717.0,743792.0,2020-03-25 17:03:29
2020-03-25 17:03:30,743670.0,743792.0,2020-03-25 17:03:30
2020-03-25 17:03:31,743670.0,743792.0,2020-03-25 17:03:31
2020-03-25 17:03:32,743670.0,743691.0,2020-03-25 17:03:32
2020-03-25 17:03:33,743670.0,743691.0,2020-03-25 17:03:33
2020-03-25 17:03:34,743508.0,743691.0,2020-03-25 17:03:34
2020-03-25 17:03:35,743508.0,743691.0,2020-03-25 17:03:35
2020-03-25 17:03:36,743653.0,743686.0,2020-03-25 17:03:36
2020-03-25 17:03:37,743653.0,743686.0,2020-03-25 17:03:37
2020-03-25 17:03:38,743840.0,743999.0,2020-03-25 17:03:38
2020-03-25 17:03:39,743840.0,743999.0,2020-03-25 17:03:39
2020-03-25 17:03:41,743592.0,743999.0,2020-03-25 17:03:40
2020-03-25 17:03:42,743592.0,743999.0,2020-03-25 17:03:42
2020-03-25 17:03:43,743597.0,743999.0,2020-03-25 17:03:43
2020-03-25 17:03:44,743597.0,743999.0,2020-03-25 17:03:44
2020-03-25 17:03:45,743429.0,743999.0,2020-03-25 17:03:45
2020-03-25 17:03:46,743429.0,743999.0,2020-03-25 17:03:46
2020-03-25 17:03:47,743464.0,743999.0,2020-03-25 17:03:47
2020-03-25 17:03:48,743464.0,743999.0,2020-03-25 17:03:48
2020-03-25 17:03:49,743469.0,743999.0,2020-03-25 17:03:49
2020-03-25 17:03:50,743469.0,743999.0,2020-03-25 17:03:50
2020-03-25 17:03:51,743832.0,744034.0,2020-03-25 17:03:51
2020-03-25 17:03:52,743832.0,744034.0,2020-03-25 17:03:52
2020-03-25 17:03:53,743994.0,743995.0,2020-03-25 17:03:53
2020-03-25 17:03:54,743994.0,743995.0,2020-03-25 17:03:54
2020-03-25 17:03:55,743697.0,744049.0,2020-03-25 17:03:55
2020-03-25 17:03:57,743697.0,744049.0,2020-03-25 17:03:56
2020-03-25 17:03:58,743509.0,743577.0,2020-03-25 17:03:58
2020-03-25 17:03:59,743509.0,743577.0,2020-03-25 17:03:59
2020-03-25 17:04:00,743337.0,743506.0,2020-03-25 17:04:00
2020-03-25 17:04:01,743337.0,743506.0,2020-03-25 17:04:01
2020-03-25 17:04:02,743337.0,743506.0,2020-03-25 17:04:02
2020-03-25 17:04:03,743337.0,743506.0,2020-03-25 17:04:03
2020-03-25 17:04:04,743337.0,743506.0,2020-03-25 17:04:04
2020-03-25 17:04:05,743337.0,743506.0,2020-03-25 17:04:05
2020-03-25 17:04:06,743337.0,743506.0,2020-03-25 17:04:06
2020-03-25 17:04:07,743337.0,743506.0,2020-03-25 17:04:07
2020-03-25 17:04:08,742991.0,743416.0,2020-03-25 17:04:08
2020-03-25 17:04:09,742991.0,743416.0,2020-03-25 17:04:09
2020-03-25 17:04:10,742937.0,743259.0,2020-03-25 17:04:10
2020-03-25 17:04:11,742937.0,743259.0,2020-03-25 17:04:11
2020-03-25 17:04:12,742945.0,743297.0,2020-03-25 17:04:12
2020-03-25 17:04:14,742945.0,743297.0,2020-03-25 17:04:13
2020-03-25 17:04:15,742930.0,742938.0,2020-03-25 17:04:15
2020-03-25 17:04:16,742930.0,742938.0,2020-03-25 17:04:16
2020-03-25 17:04:17,743335.0,743474.0,2020-03-25 17:04:17
2020-03-25 17:04:18,743335.0,743474.0,2020-03-25 17:04:18
2020-03-25 17:04:19,743405.0,743508.0,2020-03-25 17:04:19
2020-03-25 17:04:20,743405.0,743508.0,2020-03-25 17:04:20
2020-03-25 17:04:21,743306.0,743496.0,2020-03-25 17:04:21
2020-03-25 17:04:22,743306.0,743496.0,2020-03-25 17:04:22
2020-03-25 17:04:23,743184.0,743540.0,2020-03-25 17:04:23
2020-03-25 17:04:24,743184.0,743540.0,2020-03-25 17:04:24
2020-03-25 17:04:25,743345.0,743530.0,2020-03-25 17:04:25
2020-03-25 17:04:26,743345.0,743530.0,2020-03-25 17:04:26
2020-03-25 17:04:27,743350.0,743539.0,2020-03-25 17:04:27
2020-03-25 17:04:28,743350.0,743539.0,2020-03-25 17:04:28
2020-03-25 17:04:29,743490.0,743589.0,2020-03-25 17:04:29
2020-03-25 17:04:30,743490.0,743589.0,2020-03-25 17:04:30
2020-03-25 17:04:32,743500.0,743589.0,2020-03-25 17:04:31
2020-03-25 17:04:33,743500.0,743589.0,2020-03-25 17:04:33
2020-03-25 17:04:34,743551.0,743640.0,2020-03-25 17:04:34
2020-03-25 17:04:35,743551.0,743640.0,2020-03-25 17:04:35
2020-03-25 17:04:36,743551.0,743640.0,2020-03-25 17:04:36
2020-03-25 17:04:37,743551.0,743640.0,2020-03-25 17:04:37
2020-03-25 17:04:38,743490.0,743585.0,2020-03-25 17:04:38
2020-03-25 17:04:39,743490.0,743585.0,2020-03-25 17:04:39
2020-03-25 17:04:40,743365.0,743535.0,2020-03-25 17:04:40
2020-03-25 17:04:41,743365.0,743535.0,2020-03-25 17:04:41
2020-03-25 17:04:42,743365.0,743540.0,2020-03-25 17:04:42
2020-03-25 17:04:43,743365.0,743540.0,2020-03-25 17:04:43
2020-03-25 17:04:44,743365.0,743535.0,2020-03-25 17:04:44
2020-03-25 17:04:45,743365.0,743535.0,2020-03-25 17:04:45
2020-03-25 17:04:46,743370.0,743435.0,2020-03-25 17:04:46
2020-03-25 17:04:47,743370.0,743435.0,2020-03-25 17:04:47
2020-03-25 17:04:48,743340.0,743435.0,2020-03-25 17:04:48
2020-03-25 17:04:50,743340.0,743435.0,2020-03-25 17:04:49
2020-03-25 17:04:51,743340.0,743435.0,2020-03-25 17:04:51
2020-03-25 17:04:52,743340.0,743435.0,2020-03-25 17:04:52
2020-03-25 17:04:53,743340.0,743435.0,2020-03-25 17:04:53
2020-03-25 17:04:54,743340.0,743435.0,2020-03-25 17:04:54
2020-03-25 17:04:55,743062.0,743238.0,2020-03-25 17:04:55
2020-03-25 17:04:56,743202.0,743238.0,2020-03-25 17:04:56
2020-03-25 17:04:57,743202.0,743238.0,2020-03-25 17:04:57
2020-03-25 17:04:58,743089.0,743238.0,2020-03-25 17:04:58
2020-03-25 17:04:59,743089.0,743238.0,2020-03-25 17:04:59
2020-03-25 17:05:00,743373.0,743435.0,2020-03-25 17:05:00
2020-03-25 17:05:01,743373.0,743435.0,2020-03-25 17:05:01
2020-03-25 17:05:02,743287.0,743409.0,2020-03-25 17:05:02
2020-03-25 17:05:03,743287.0,743409.0,2020-03-25 17:05:03
2020-03-25 17:05:05,743287.0,743435.0,2020-03-25 17:05:04
2020-03-25 17:05:06,743287.0,743435.0,2020-03-25 17:05:06
2020-03-25 17:05:07,743635.0,743754.0,2020-03-25 17:05:07
2020-03-25 17:05:08,743635.0,743754.0,2020-03-25 17:05:08
2020-03-25 17:05:09,743592.0,743640.0,2020-03-25 17:05:09
2020-03-25 17:05:10,743592.0,743640.0,2020-03-25 17:05:10
2020-03-25 17:05:11,743465.0,743519.0,2020-03-25 17:05:11
2020-03-25 17:05:12,743465.0,743519.0,2020-03-25 17:05:12
2020-03-25 17:05:13,743482.0,743509.0,2020-03-25 17:05:13
2020-03-25 17:05:14,743482.0,743509.0,2020-03-25 17:05:14
2020-03-25 17:05:15,743493.0,743511.0,2020-03-25 17:05:15
2020-03-25 17:05:16,743493.0,743511.0,2020-03-25 17:05:16
2020-03-25 17:05:17,743348.0,743453.0,2020-03-25 17:05:17
2020-03-25 17:05:18,743348.0,743453.0,2020-03-25 17:05:18
2020-03-25 17:05:19,743303.0,743453.0,2020-03-25 17:05:19
2020-03-25 17:05:20,743303.0,743453.0,2020-03-25 17:05:20
2020-03-25 17:05:21,743331.0,743506.0,2020-03-25 17:05:21
2020-03-25 17:05:23,743331.0,743506.0,2020-03-25 17:05:22
2020-03-25 17:05:24,743321.0,743436.0,2020-03-25 17:05:24
2020-03-25 17:05:25,743321.0,743436.0,2020-03-25 17:05:25
2020-03-25 17:05:26,743326.0,743466.0,2020-03-25 17:05:26
2020-03-25 17:05:27,743326.0,743466.0,2020-03-25 17:05:27
2020-03-25 17:05:28,743333.0,743466.0,2020-03-25 17:05:28
2020-03-25 17:05:29,743333.0,743466.0,2020-03-25 17:05:29
2020-03-25 17:05:30,743338.0,743466.0,2020-03-25 17:05:30
2020-03-25 17:05:31,743338.0,743466.0,2020-03-25 17:05:31
2020-03-25 17:05:32,743324.0,743511.0,2020-03-25 17:05:32
2020-03-25 17:05:33,743324.0,743511.0,2020-03-25 17:05:33
2020-03-25 17:05:34,743343.0,743506.0,2020-03-25 17:05:34
2020-03-25 17:05:35,743343.0,743506.0,2020-03-25 17:05:35
2020-03-25 17:05:36,743389.0,743506.0,2020-03-25 17:05:36
2020-03-25 17:05:37,743389.0,743506.0,2020-03-25 17:05:37
2020-03-25 17:05:39,743389.0,743503.0,2020-03-25 17:05:38
2020-03-25 17:05:40,743389.0,743503.0,2020-03-25 17:05:40
2020-03-25 17:05:41,743490.0,743801.0,2020-03-25 17:05:41
2020-03-25 17:05:42,743490.0,743801.0,2020-03-25 17:05:42
2020-03-25 17:05:43,743490.0,743801.0,2020-03-25 17:05:43
2020-03-25 17:05:44,743490.0,743801.0,2020-03-25 17:05:44
2020-03-25 17:05:45,743490.0,743801.0,2020-03-25 17:05:45
2020-03-25 17:05:46,743490.0,743801.0,2020-03-25 17:05:46
2020-03-25 17:05:47,743490.0,743801.0,2020-03-25 17:05:47
2020-03-25 17:05:48,743490.0,743801.0,2020-03-25 17:05:48
2020-03-25 17:05:49,743658.0,743817.0,2020-03-25 17:05:49
2020-03-25 17:05:50,743658.0,743817.0,2020-03-25 17:05:50
2020-03-25 17:05:52,743666.0,743856.0,2020-03-25 17:05:51
2020-03-25 17:05:53,743666.0,743856.0,2020-03-25 17:05:53
2020-03-25 17:05:54,743740.0,743853.0,2020-03-25 17:05:54
2020-03-25 17:05:55,743740.0,743853.0,2020-03-25 17:05:55
2020-03-25 17:05:56,743655.0,743723.0,2020-03-25 17:05:56
2020-03-25 17:05:57,743655.0,743723.0,2020-03-25 17:05:57
2020-03-25 17:05:58,743605.0,743853.0,2020-03-25 17:05:58
2020-03-25 17:05:59,743605.0,743853.0,2020-03-25 17:05:59
2020-03-25 17:06:00,743605.0,743687.0,2020-03-25 17:06:00
2020-03-25 17:06:01,743605.0,743687.0,2020-03-25 17:06:01
2020-03-25 17:06:02,743701.0,743856.0,2020-03-25 17:06:02
2020-03-25 17:06:03,743701.0,743856.0,2020-03-25 17:06:03
2020-03-25 17:06:04,743732.0,743833.0,2020-03-25 17:06:04
2020-03-25 17:06:05,743743.0,743833.0,2020-03-25 17:06:05
2020-03-25 17:06:06,743743.0,743833.0,2020-03-25 17:06:06
2020-03-25 17:06:08,743677.0,743679.0,2020-03-25 17:06:07
2020-03-25 17:06:09,743677.0,743679.0,2020-03-25 17:06:09
2020-03-25 17:06:10,743712.0,743740.0,2020-03-25 17:06:10
2020-03-25 17:06:11,743712.0,743740.0,2020-03-25 17:06:11
2020-03-25 17:06:12,743613.0,743882.0,2020-03-25 17:06:12
2020-03-25 17:06:13,743613.0,743882.0,2020-03-25 17:06:13
2020-03-25 17:06:14,743628.0,743759.0,2020-03-25 17:06:14
2020-03-25 17:06:15,743628.0,743759.0,2020-03-25 17:06:15
2020-03-25 17:06:16,743773.0,743787.0,2020-03-25 17:06:16
2020-03-25 17:06:17,743773.0,743787.0,2020-03-25 17:06:17
2020-03-25 17:06:18,743809.0,743840.0,2020-03-25 17:06:18
2020-03-25 17:06:19,743809.0,743840.0,2020-03-25 17:06:19
2020-03-25 17:06:20,743809.0,743984.0,2020-03-25 17:06:20
2020-03-25 17:06:21,743809.0,743984.0,2020-03-25 17:06:21
2020-03-25 17:06:22,743761.0,743990.0,2020-03-25 17:06:22
2020-03-25 17:06:23,743761.0,743990.0,2020-03-25 17:06:23
2020-03-25 17:06:25,743787.0,743890.0,2020-03-25 17:06:24
2020-03-25 17:06:26,743787.0,743890.0,2020-03-25 17:06:26
2020-03-25 17:06:27,743792.0,743890.0,2020-03-25 17:06:27
2020-03-25 17:06:28,743792.0,743890.0,2020-03-25 17:06:28
2020-03-25 17:06:29,743819.0,743880.0,2020-03-25 17:06:29
2020-03-25 17:06:30,743819.0,743880.0,2020-03-25 17:06:30
2020-03-25 17:06:31,743803.0,743879.0,2020-03-25 17:06:31
2020-03-25 17:06:32,743803.0,743879.0,2020-03-25 17:06:32
2020-03-25 17:06:33,743672.0,743748.0,2020-03-25 17:06:33
2020-03-25 17:06:34,743672.0,743748.0,2020-03-25 17:06:34
2020-03-25 17:06:35,743629.0,743748.0,2020-03-25 17:06:35
2020-03-25 17:06:36,743629.0,743748.0,2020-03-25 17:06:36
2020-03-25 17:06:37,743596.0,743725.0,2020-03-25 17:06:37
2020-03-25 17:06:38,743596.0,743725.0,2020-03-25 17:06:38
2020-03-25 17:06:39,743602.0,743725.0,2020-03-25 17:06:39
2020-03-25 17:06:40,743602.0,743725.0,2020-03-25 17:06:40
2020-03-25 17:06:42,743602.0,743725.0,2020-03-25 17:06:41
2020-03-25 17:06:43,743602.0,743725.0,2020-03-25 17:06:43
2020-03-25 17:06:44,743602.0,743725.0,2020-03-25 17:06:44
2020-03-25 17:06:45,743602.0,743725.0,2020-03-25 17:06:45
2020-03-25 17:06:46,743559.0,743615.0,2020-03-25 17:06:46
2020-03-25 17:06:47,743559.0,743615.0,2020-03-25 17:06:47
2020-03-25 17:06:48,743651.0,743690.0,2020-03-25 17:06:48
2020-03-25 17:06:49,743651.0,743690.0,2020-03-25 17:06:49
2020-03-25 17:06:50,743654.0,743690.0,2020-03-25 17:06:50
2020-03-25 17:06:51,743654.0,743690.0,2020-03-25 17:06:51
2020-03-25 17:06:52,743640.0,743725.0,2020-03-25 17:06:52
2020-03-25 17:06:53,743640.0,743725.0,2020-03-25 17:06:53
2020-03-25 17:06:54,743640.0,743737.0,2020-03-25 17:06:54
2020-03-25 17:06:55,743640.0,743737.0,2020-03-25 17:06:55
2020-03-25 17:06:56,743579.0,743716.0,2020-03-25 17:06:56
2020-03-25 17:06:57,743579.0,743716.0,2020-03-25 17:06:57
2020-03-25 17:06:58,743592.0,743640.0,2020-03-25 17:06:58
2020-03-25 17:06:59,743592.0,743640.0,2020-03-25 17:06:59
2020-03-25 17:07:01,743590.0,743735.0,2020-03-25 17:07:00
2020-03-25 17:07:02,743590.0,743735.0,2020-03-25 17:07:02
2020-03-25 17:07:03,743637.0,743727.0,2020-03-25 17:07:03
2020-03-25 17:07:04,743637.0,743727.0,2020-03-25 17:07:04
2020-03-25 17:07:05,743681.0,743748.0,2020-03-25 17:07:05
2020-03-25 17:07:06,743681.0,743748.0,2020-03-25 17:07:06
2020-03-25 17:07:07,743695.0,743748.0,2020-03-25 17:07:07
2020-03-25 17:07:08,743695.0,743748.0,2020-03-25 17:07:08
2020-03-25 17:07:09,743840.0,743944.0,2020-03-25 17:07:09
2020-03-25 17:07:10,743840.0,743944.0,2020-03-25 17:07:10
2020-03-25 17:07:11,743810.0,744084.0,2020-03-25 17:07:11
2020-03-25 17:07:12,743810.0,744084.0,2020-03-25 17:07:12
2020-03-25 17:07:13,743800.0,744023.0,2020-03-25 17:07:13
2020-03-25 17:07:14,743800.0,744023.0,2020-03-25 17:07:14
2020-03-25 17:07:15,743344.0,743605.0,2020-03-25 17:07:15
2020-03-25 17:07:16,743344.0,743605.0,2020-03-25 17:07:16
2020-03-25 17:07:18,742888.0,742910.0,2020-03-25 17:07:17
2020-03-25 17:07:19,742888.0,742910.0,2020-03-25 17:07:19
2020-03-25 17:07:20,742893.0,742973.0,2020-03-25 17:07:20
2020-03-25 17:07:21,742893.0,742973.0,2020-03-25 17:07:21
2020-03-25 17:07:22,742888.0,742990.0,2020-03-25 17:07:22
2020-03-25 17:07:23,742888.0,742975.0,2020-03-25 17:07:23
2020-03-25 17:07:24,742888.0,742975.0,2020-03-25 17:07:24
2020-03-25 17:07:25,742891.0,742987.0,2020-03-25 17:07:25
2020-03-25 17:07:26,742891.0,742987.0,2020-03-25 17:07:26
2020-03-25 17:07:27,742888.0,742933.0,2020-03-25 17:07:27
2020-03-25 17:07:28,742888.0,742933.0,2020-03-25 17:07:28
2020-03-25 17:07:29,742314.0,742482.0,2020-03-25 17:07:29
2020-03-25 17:07:30,742314.0,742482.0,2020-03-25 17:07:30
2020-03-25 17:07:31,742220.0,742271.0,2020-03-25 17:07:31
2020-03-25 17:07:32,742220.0,742271.0,2020-03-25 17:07:32
2020-03-25 17:07:33,742290.0,742391.0,2020-03-25 17:07:33
2020-03-25 17:07:35,742290.0,742391.0,2020-03-25 17:07:34
2020-03-25 17:07:36,742323.0,742543.0,2020-03-25 17:07:36
2020-03-25 17:07:37,742323.0,742543.0,2020-03-25 17:07:37
2020-03-25 17:07:38,742326.0,742494.0,2020-03-25 17:07:38
2020-03-25 17:07:39,742326.0,742494.0,2020-03-25 17:07:39
2020-03-25 17:07:40,742305.0,742439.0,2020-03-25 17:07:40
2020-03-25 17:07:41,742305.0,742439.0,2020-03-25 17:07:41
2020-03-25 17:07:42,742305.0,742439.0,2020-03-25 17:07:42
2020-03-25 17:07:43,742305.0,742439.0,2020-03-25 17:07:43
2020-03-25 17:07:44,742305.0,742439.0,2020-03-25 17:07:44
2020-03-25 17:07:45,742305.0,742439.0,2020-03-25 17:07:45
2020-03-25 17:07:47,742305.0,742439.0,2020-03-25 17:07:46
2020-03-25 17:07:48,742305.0,742439.0,2020-03-25 17:07:48
2020-03-25 17:07:49,741990.0,742226.0,2020-03-25 17:07:49
2020-03-25 17:07:50,741990.0,742226.0,2020-03-25 17:07:50
2020-03-25 17:07:51,741776.0,741929.0,2020-03-25 17:07:51
2020-03-25 17:07:52,741776.0,741929.0,2020-03-25 17:07:52
2020-03-25 17:07:53,741768.0,741929.0,2020-03-25 17:07:53
2020-03-25 17:07:54,741768.0,741929.0,2020-03-25 17:07:54
2020-03-25 17:07:55,741781.0,741929.0,2020-03-25 17:07:55
2020-03-25 17:07:56,741781.0,741929.0,2020-03-25 17:07:56
2020-03-25 17:07:57,741789.0,741929.0,2020-03-25 17:07:57
2020-03-25 17:07:58,741789.0,741929.0,2020-03-25 17:07:58
2020-03-25 17:07:59,741816.0,741929.0,2020-03-25 17:07:59
2020-03-25 17:08:00,741816.0,741929.0,2020-03-25 17:08:00
2020-03-25 17:08:01,741816.0,741929.0,2020-03-25 17:08:01
2020-03-25 17:08:02,741816.0,741929.0,2020-03-25 17:08:02
2020-03-25 17:08:03,741749.0,741961.0,2020-03-25 17:08:03
2020-03-25 17:08:05,741749.0,741961.0,2020-03-25 17:08:04
2020-03-25 17:08:06,742040.0,742185.0,2020-03-25 17:08:06
2020-03-25 17:08:07,742040.0,742185.0,2020-03-25 17:08:07
2020-03-25 17:08:08,741779.0,742030.0,2020-03-25 17:08:08
2020-03-25 17:08:09,741779.0,742030.0,2020-03-25 17:08:09
2020-03-25 17:08:10,741792.0,741905.0,2020-03-25 17:08:10
2020-03-25 17:08:11,741792.0,741905.0,2020-03-25 17:08:11
2020-03-25 17:08:12,741879.0,742001.0,2020-03-25 17:08:12
2020-03-25 17:08:13,741879.0,742001.0,2020-03-25 17:08:13
2020-03-25 17:08:14,741990.0,742205.0,2020-03-25 17:08:14
2020-03-25 17:08:15,741990.0,742001.0,2020-03-25 17:08:15
2020-03-25 17:08:16,741990.0,742001.0,2020-03-25 17:08:16
2020-03-25 17:08:18,741990.0,742204.0,2020-03-25 17:08:17
2020-03-25 17:08:19,741990.0,742204.0,2020-03-25 17:08:19
2020-03-25 17:08:20,741991.0,742079.0,2020-03-25 17:08:20
2020-03-25 17:08:21,741991.0,742079.0,2020-03-25 17:08:21
2020-03-25 17:08:22,742001.0,742090.0,2020-03-25 17:08:22
2020-03-25 17:08:23,742001.0,742090.0,2020-03-25 17:08:23
2020-03-25 17:08:24,742241.0,742507.0,2020-03-25 17:08:24
2020-03-25 17:08:25,742241.0,742507.0,2020-03-25 17:08:25
2020-03-25 17:08:26,742148.0,742468.0,2020-03-25 17:08:26
2020-03-25 17:08:27,742148.0,742468.0,2020-03-25 17:08:27
2020-03-25 17:08:28,742183.0,742290.0,2020-03-25 17:08:28
2020-03-25 17:08:29,742183.0,742290.0,2020-03-25 17:08:29
2020-03-25 17:08:30,742183.0,742290.0,2020-03-25 17:08:30
2020-03-25 17:08:31,742183.0,742290.0,2020-03-25 17:08:31
2020-03-25 17:08:32,742194.0,742287.0,2020-03-25 17:08:32
2020-03-25 17:08:33,742194.0,742287.0,2020-03-25 17:08:33
2020-03-25 17:08:35,742194.0,742237.0,2020-03-25 17:08:34
2020-03-25 17:08:36,742194.0,742237.0,2020-03-25 17:08:36
2020-03-25 17:08:37,742194.0,742237.0,2020-03-25 17:08:37
2020-03-25 17:08:38,742194.0,742237.0,2020-03-25 17:08:38
2020-03-25 17:08:39,742194.0,742237.0,2020-03-25 17:08:39
2020-03-25 17:08:40,742194.0,742237.0,2020-03-25 17:08:40
2020-03-25 17:08:41,742194.0,742237.0,2020-03-25 17:08:41
2020-03-25 17:08:42,742194.0,742237.0,2020-03-25 17:08:42
2020-03-25 17:08:43,741990.0,742066.0,2020-03-25 17:08:43
2020-03-25 17:08:44,741990.0,742066.0,2020-03-25 17:08:44
2020-03-25 17:08:45,742165.0,742258.0,2020-03-25 17:08:45
2020-03-25 17:08:46,742165.0,742258.0,2020-03-25 17:08:46
2020-03-25 17:08:47,742290.0,742299.0,2020-03-25 17:08:47
2020-03-25 17:08:48,742290.0,742299.0,2020-03-25 17:08:48
2020-03-25 17:08:49,742249.0,742406.0,2020-03-25 17:08:49
2020-03-25 17:08:50,742249.0,742406.0,2020-03-25 17:08:50
2020-03-25 17:08:51,742268.0,742515.0,2020-03-25 17:08:51
2020-03-25 17:08:53,742268.0,742515.0,2020-03-25 17:08:52
2020-03-25 17:08:54,742288.0,742490.0,2020-03-25 17:08:54
2020-03-25 17:08:55,742288.0,742490.0,2020-03-25 17:08:55
2020-03-25 17:08:56,742440.0,742597.0,2020-03-25 17:08:56
2020-03-25 17:08:57,742440.0,742597.0,2020-03-25 17:08:57
2020-03-25 17:08:58,742432.0,742592.0,2020-03-25 17:08:58
2020-03-25 17:08:59,742432.0,742592.0,2020-03-25 17:08:59
2020-03-25 17:09:00,742318.0,742412.0,2020-03-25 17:09:00
2020-03-25 17:09:01,742318.0,742412.0,2020-03-25 17:09:01
2020-03-25 17:09:02,742318.0,742412.0,2020-03-25 17:09:02
2020-03-25 17:09:03,742318.0,742412.0,2020-03-25 17:09:03
2020-03-25 17:09:04,741886.0,742199.0,2020-03-25 17:09:04
2020-03-25 17:09:05,741886.0,742199.0,2020-03-25 17:09:05
2020-03-25 17:09:06,741966.0,742015.0,2020-03-25 17:09:06
2020-03-25 17:09:07,741966.0,742015.0,2020-03-25 17:09:07
2020-03-25 17:09:08,741974.0,742001.0,2020-03-25 17:09:08
2020-03-25 17:09:09,741974.0,742001.0,2020-03-25 17:09:09
2020-03-25 17:09:11,741776.0,742001.0,2020-03-25 17:09:10
2020-03-25 17:09:12,741776.0,742001.0,2020-03-25 17:09:12
2020-03-25 17:09:13,741914.0,742104.0,2020-03-25 17:09:13
2020-03-25 17:09:14,741914.0,742104.0,2020-03-25 17:09:14
2020-03-25 17:09:15,741824.0,742026.0,2020-03-25 17:09:15
2020-03-25 17:09:16,741824.0,742026.0,2020-03-25 17:09:16
2020-03-25 17:09:17,741824.0,741930.0,2020-03-25 17:09:17
2020-03-25 17:09:18,741824.0,741930.0,2020-03-25 17:09:18
2020-03-25 17:09:19,741879.0,742018.0,2020-03-25 17:09:19
2020-03-25 17:09:20,741879.0,742018.0,2020-03-25 17:09:20
2020-03-25 17:09:21,741829.0,742011.0,2020-03-25 17:09:21
2020-03-25 17:09:22,741829.0,742011.0,2020-03-25 17:09:22
2020-03-25 17:09:23,741883.0,742011.0,2020-03-25 17:09:23
2020-03-25 17:09:24,741883.0,742011.0,2020-03-25 17:09:24
2020-03-25 17:09:25,741888.0,741981.0,2020-03-25 17:09:25
2020-03-25 17:09:26,741888.0,741981.0,2020-03-25 17:09:26
2020-03-25 17:09:28,742011.0,742090.0,2020-03-25 17:09:27
2020-03-25 17:09:29,742011.0,742090.0,2020-03-25 17:09:29
2020-03-25 17:09:30,742011.0,742090.0,2020-03-25 17:09:30
2020-03-25 17:09:31,742011.0,742090.0,2020-03-25 17:09:31
2020-03-25 17:09:32,742011.0,742090.0,2020-03-25 17:09:32
2020-03-25 17:09:33,742011.0,742090.0,2020-03-25 17:09:33
2020-03-25 17:09:34,742011.0,742090.0,2020-03-25 17:09:34
2020-03-25 17:09:35,742011.0,742090.0,2020-03-25 17:09:35
2020-03-25 17:09:36,742011.0,742090.0,2020-03-25 17:09:36
2020-03-25 17:09:37,742143.0,742185.0,2020-03-25 17:09:37
2020-03-25 17:09:38,742143.0,742185.0,2020-03-25 17:09:38
2020-03-25 17:09:39,742143.0,742185.0,2020-03-25 17:09:39
2020-03-25 17:09:40,742143.0,742185.0,2020-03-25 17:09:40
2020-03-25 17:09:41,742439.0,742692.0,2020-03-25 17:09:41
2020-03-25 17:09:42,742439.0,742692.0,2020-03-25 17:09:42
2020-03-25 17:09:43,742500.0,742578.0,2020-03-25 17:09:43
2020-03-25 17:09:45,742500.0,742578.0,2020-03-25 17:09:44
2020-03-25 17:09:46,742386.0,742542.0,2020-03-25 17:09:46
2020-03-25 17:09:47,742386.0,742542.0,2020-03-25 17:09:47
2020-03-25 17:09:48,742380.0,742398.0,2020-03-25 17:09:48
2020-03-25 17:09:49,742380.0,742398.0,2020-03-25 17:09:49
2020-03-25 17:09:50,742809.0,742859.0,2020-03-25 17:09:50
2020-03-25 17:09:51,742809.0,742859.0,2020-03-25 17:09:51
2020-03-25 17:09:52,742809.0,742895.0,2020-03-25 17:09:52
2020-03-25 17:09:53,742809.0,742895.0,2020-03-25 17:09:53
2020-03-25 17:09:54,742800.0,742895.0,2020-03-25 17:09:54
2020-03-25 17:09:55,742800.0,742895.0,2020-03-25 17:09:55
2020-03-25 17:09:56,742856.0,742928.0,2020-03-25 17:09:56
2020-03-25 17:09:57,742856.0,742928.0,2020-03-25 17:09:57
2020-03-25 17:09:58,742900.0,742990.0,2020-03-25 17:09:58
2020-03-25 17:09:59,742900.0,742990.0,2020-03-25 17:09:59
2020-03-25 17:10:00,742900.0,743030.0,2020-03-25 17:10:00
2020-03-25 17:10:01,742900.0,743030.0,2020-03-25 17:10:01
2020-03-25 17:10:03,743000.0,743030.0,2020-03-25 17:10:02
2020-03-25 17:10:04,743000.0,743030.0,2020-03-25 17:10:04
2020-03-25 17:10:05,742905.0,742967.0,2020-03-25 17:10:05
2020-03-25 17:10:06,742905.0,742967.0,2020-03-25 17:10:06
2020-03-25 17:10:07,742800.0,742861.0,2020-03-25 17:10:07
2020-03-25 17:10:08,742800.0,742861.0,2020-03-25 17:10:08
2020-03-25 17:10:09,742691.0,742832.0,2020-03-25 17:10:09
2020-03-25 17:10:10,742691.0,742832.0,2020-03-25 17:10:10
2020-03-25 17:10:12,742707.0,742832.0,2020-03-25 17:10:11
2020-03-25 17:10:13,742707.0,742832.0,2020-03-25 17:10:13
2020-03-25 17:10:14,742826.0,743046.0,2020-03-25 17:10:14
2020-03-25 17:10:15,742826.0,743046.0,2020-03-25 17:10:15
2020-03-25 17:10:16,742849.0,743065.0,2020-03-25 17:10:16
2020-03-25 17:10:17,742849.0,743065.0,2020-03-25 17:10:17
2020-03-25 17:10:18,742596.0,742877.0,2020-03-25 17:10:18
2020-03-25 17:10:19,742596.0,742877.0,2020-03-25 17:10:19
2020-03-25 17:10:20,742654.0,742660.0,2020-03-25 17:10:20
2020-03-25 17:10:21,742489.0,742649.0,2020-03-25 17:10:21
2020-03-25 17:10:22,742489.0,742649.0,2020-03-25 17:10:22
2020-03-25 17:10:23,742489.0,742649.0,2020-03-25 17:10:23
2020-03-25 17:10:24,742489.0,742649.0,2020-03-25 17:10:24
2020-03-25 17:10:25,742450.0,742674.0,2020-03-25 17:10:25
2020-03-25 17:10:26,742450.0,742674.0,2020-03-25 17:10:26
2020-03-25 17:10:28,742450.0,742674.0,2020-03-25 17:10:27
2020-03-25 17:10:29,742450.0,742674.0,2020-03-25 17:10:29
2020-03-25 17:10:30,742450.0,742674.0,2020-03-25 17:10:30
2020-03-25 17:10:31,742450.0,742674.0,2020-03-25 17:10:31
2020-03-25 17:10:32,742450.0,742674.0,2020-03-25 17:10:32
2020-03-25 17:10:33,742450.0,742674.0,2020-03-25 17:10:33
2020-03-25 17:10:34,742687.0,742800.0,2020-03-25 17:10:34
2020-03-25 17:10:35,742687.0,742800.0,2020-03-25 17:10:35
2020-03-25 17:10:36,742687.0,742800.0,2020-03-25 17:10:36
2020-03-25 17:10:37,742687.0,742800.0,2020-03-25 17:10:37
2020-03-25 17:10:38,742789.0,742800.0,2020-03-25 17:10:38
2020-03-25 17:10:39,742789.0,742800.0,2020-03-25 17:10:39
2020-03-25 17:10:40,742524.0,742800.0,2020-03-25 17:10:40
2020-03-25 17:10:41,742524.0,742800.0,2020-03-25 17:10:41
2020-03-25 17:10:42,742500.0,742789.0,2020-03-25 17:10:42
2020-03-25 17:10:43,742500.0,742789.0,2020-03-25 17:10:43
2020-03-25 17:10:45,742500.0,742775.0,2020-03-25 17:10:44
2020-03-25 17:10:46,742500.0,742775.0,2020-03-25 17:10:46
2020-03-25 17:10:47,742286.0,742490.0,2020-03-25 17:10:47
2020-03-25 17:10:48,742286.0,742490.0,2020-03-25 17:10:48
2020-03-25 17:10:49,742260.0,742552.0,2020-03-25 17:10:49
2020-03-25 17:10:50,742260.0,742552.0,2020-03-25 17:10:50
2020-03-25 17:10:51,742461.0,742552.0,2020-03-25 17:10:51
2020-03-25 17:10:52,742461.0,742552.0,2020-03-25 17:10:52
2020-03-25 17:10:53,742271.0,742399.0,2020-03-25 17:10:53
2020-03-25 17:10:54,742271.0,742399.0,2020-03-25 17:10:54
2020-03-25 17:10:55,742434.0,742500.0,2020-03-25 17:10:55
2020-03-25 17:10:56,742434.0,742500.0,2020-03-25 17:10:56
2020-03-25 17:10:57,742434.0,742492.0,2020-03-25 17:10:57
2020-03-25 17:10:58,742434.0,742492.0,2020-03-25 17:10:58
2020-03-25 17:10:59,742434.0,742500.0,2020-03-25 17:10:59
2020-03-25 17:11:00,742434.0,742500.0,2020-03-25 17:11:00
2020-03-25 17:11:02,742258.0,742500.0,2020-03-25 17:11:01
2020-03-25 17:11:03,742258.0,742500.0,2020-03-25 17:11:03
2020-03-25 17:11:04,741990.0,742087.0,2020-03-25 17:11:04
2020-03-25 17:11:05,741990.0,742087.0,2020-03-25 17:11:05
2020-03-25 17:11:06,741990.0,742050.0,2020-03-25 17:11:06
2020-03-25 17:11:07,741990.0,742050.0,2020-03-25 17:11:07
2020-03-25 17:11:08,742025.0,742262.0,2020-03-25 17:11:08
2020-03-25 17:11:09,742025.0,742262.0,2020-03-25 17:11:09
2020-03-25 17:11:10,742036.0,742211.0,2020-03-25 17:11:10
2020-03-25 17:11:11,742036.0,742211.0,2020-03-25 17:11:11
2020-03-25 17:11:12,741902.0,742227.0,2020-03-25 17:11:12
2020-03-25 17:11:13,741902.0,742227.0,2020-03-25 17:11:13
2020-03-25 17:11:14,742057.0,742208.0,2020-03-25 17:11:14
2020-03-25 17:11:15,742057.0,742208.0,2020-03-25 17:11:15
2020-03-25 17:11:16,741860.0,742227.0,2020-03-25 17:11:16
2020-03-25 17:11:17,741860.0,742227.0,2020-03-25 17:11:17
2020-03-25 17:11:19,742289.0,742358.0,2020-03-25 17:11:18
2020-03-25 17:11:20,742289.0,742358.0,2020-03-25 17:11:20
2020-03-25 17:11:21,742340.0,742364.0,2020-03-25 17:11:21
2020-03-25 17:11:22,742340.0,742364.0,2020-03-25 17:11:22
2020-03-25 17:11:23,742352.0,742413.0,2020-03-25 17:11:23
2020-03-25 17:11:24,742352.0,742413.0,2020-03-25 17:11:24
2020-03-25 17:11:25,742386.0,742390.0,2020-03-25 17:11:25
2020-03-25 17:11:26,742386.0,742390.0,2020-03-25 17:11:26
2020-03-25 17:11:27,742413.0,742608.0,2020-03-25 17:11:27
2020-03-25 17:11:28,742413.0,742608.0,2020-03-25 17:11:28
2020-03-25 17:11:29,742413.0,742608.0,2020-03-25 17:11:29
2020-03-25 17:11:30,742413.0,742608.0,2020-03-25 17:11:30
2020-03-25 17:11:32,742413.0,742608.0,2020-03-25 17:11:31
2020-03-25 17:11:33,742413.0,742608.0,2020-03-25 17:11:33
2020-03-25 17:11:34,742413.0,742608.0,2020-03-25 17:11:34
2020-03-25 17:11:35,743119.0,743293.0,2020-03-25 17:11:35
2020-03-25 17:11:37,743119.0,743293.0,2020-03-25 17:11:37
2020-03-25 17:11:38,743245.0,743290.0,2020-03-25 17:11:38
2020-03-25 17:11:39,743245.0,743290.0,2020-03-25 17:11:39
2020-03-25 17:11:40,743255.0,743290.0,2020-03-25 17:11:40
2020-03-25 17:11:41,743255.0,743290.0,2020-03-25 17:11:41
2020-03-25 17:11:42,743253.0,743394.0,2020-03-25 17:11:42
2020-03-25 17:11:43,743253.0,743394.0,2020-03-25 17:11:43
2020-03-25 17:11:44,743472.0,743500.0,2020-03-25 17:11:44
2020-03-25 17:11:45,743472.0,743500.0,2020-03-25 17:11:45
2020-03-25 17:11:46,743477.0,743738.0,2020-03-25 17:11:46
2020-03-25 17:11:47,743562.0,743743.0,2020-03-25 17:11:47
2020-03-25 17:11:48,743562.0,743743.0,2020-03-25 17:11:48
2020-03-25 17:11:50,743816.0,743997.0,2020-03-25 17:11:49
2020-03-25 17:11:51,743816.0,743997.0,2020-03-25 17:11:51
2020-03-25 17:11:52,744267.0,744272.0,2020-03-25 17:11:52
2020-03-25 17:11:53,744267.0,744272.0,2020-03-25 17:11:53
2020-03-25 17:11:54,743944.0,744018.0,2020-03-25 17:11:54
2020-03-25 17:11:55,743944.0,744018.0,2020-03-25 17:11:55
2020-03-25 17:11:56,743609.0,743770.0,2020-03-25 17:11:56
2020-03-25 17:11:57,743609.0,743770.0,2020-03-25 17:11:57
2020-03-25 17:11:58,743623.0,744011.0,2020-03-25 17:11:58
2020-03-25 17:11:59,743623.0,744011.0,2020-03-25 17:11:59
2020-03-25 17:12:00,743670.0,743800.0,2020-03-25 17:12:00
2020-03-25 17:12:01,743670.0,743800.0,2020-03-25 17:12:01
2020-03-25 17:12:03,743670.0,743785.0,2020-03-25 17:12:02
2020-03-25 17:12:04,743670.0,743785.0,2020-03-25 17:12:04
2020-03-25 17:12:05,743704.0,743781.0,2020-03-25 17:12:05
2020-03-25 17:12:06,743704.0,743781.0,2020-03-25 17:12:06
2020-03-25 17:12:07,743650.0,743821.0,2020-03-25 17:12:07
2020-03-25 17:12:08,743650.0,743821.0,2020-03-25 17:12:08
2020-03-25 17:12:09,743650.0,743821.0,2020-03-25 17:12:09
2020-03-25 17:12:10,743650.0,743821.0,2020-03-25 17:12:10
2020-03-25 17:12:11,743505.0,743749.0,2020-03-25 17:12:11
2020-03-25 17:12:12,743505.0,743749.0,2020-03-25 17:12:12
2020-03-25 17:12:13,743505.0,743723.0,2020-03-25 17:12:13
2020-03-25 17:12:14,743505.0,743723.0,2020-03-25 17:12:14
2020-03-25 17:12:15,743520.0,743830.0,2020-03-25 17:12:15
2020-03-25 17:12:16,743520.0,743830.0,2020-03-25 17:12:16
2020-03-25 17:12:17,743520.0,743714.0,2020-03-25 17:12:17
2020-03-25 17:12:19,743520.0,743714.0,2020-03-25 17:12:18
2020-03-25 17:12:20,743520.0,743711.0,2020-03-25 17:12:20
2020-03-25 17:12:21,743520.0,743711.0,2020-03-25 17:12:21
2020-03-25 17:12:22,743520.0,743711.0,2020-03-25 17:12:22
2020-03-25 17:12:23,743520.0,743711.0,2020-03-25 17:12:23
2020-03-25 17:12:24,743520.0,743711.0,2020-03-25 17:12:24
2020-03-25 17:12:25,743520.0,743711.0,2020-03-25 17:12:25
2020-03-25 17:12:26,743453.0,743829.0,2020-03-25 17:12:26
2020-03-25 17:12:27,743453.0,743829.0,2020-03-25 17:12:27
2020-03-25 17:12:28,743613.0,744000.0,2020-03-25 17:12:28
2020-03-25 17:12:29,743613.0,744000.0,2020-03-25 17:12:29
2020-03-25 17:12:30,743841.0,743999.0,2020-03-25 17:12:30
2020-03-25 17:12:31,743841.0,743999.0,2020-03-25 17:12:31
2020-03-25 17:12:32,743841.0,743994.0,2020-03-25 17:12:32
2020-03-25 17:12:33,743841.0,743994.0,2020-03-25 17:12:33
2020-03-25 17:12:35,743841.0,743994.0,2020-03-25 17:12:34
2020-03-25 17:12:36,743763.0,743846.0,2020-03-25 17:12:36
2020-03-25 17:12:37,743763.0,743846.0,2020-03-25 17:12:37
2020-03-25 17:12:38,743682.0,743837.0,2020-03-25 17:12:38
2020-03-25 17:12:39,743682.0,743837.0,2020-03-25 17:12:39
2020-03-25 17:12:40,743592.0,743732.0,2020-03-25 17:12:40
2020-03-25 17:12:41,743592.0,743732.0,2020-03-25 17:12:41
2020-03-25 17:12:42,743565.0,743748.0,2020-03-25 17:12:42
2020-03-25 17:12:43,743565.0,743748.0,2020-03-25 17:12:43
2020-03-25 17:12:44,743590.0,743766.0,2020-03-25 17:12:44
2020-03-25 17:12:45,743590.0,743766.0,2020-03-25 17:12:45
2020-03-25 17:12:46,743590.0,743789.0,2020-03-25 17:12:46
2020-03-25 17:12:47,743590.0,743789.0,2020-03-25 17:12:47
2020-03-25 17:12:48,743600.0,743789.0,2020-03-25 17:12:48
2020-03-25 17:12:50,743600.0,743789.0,2020-03-25 17:12:49
2020-03-25 17:12:51,743600.0,743850.0,2020-03-25 17:12:51
2020-03-25 17:12:52,743600.0,743850.0,2020-03-25 17:12:52
2020-03-25 17:12:53,743725.0,743849.0,2020-03-25 17:12:53
2020-03-25 17:12:54,743725.0,743849.0,2020-03-25 17:12:54
2020-03-25 17:12:55,743724.0,743725.0,2020-03-25 17:12:55
2020-03-25 17:12:56,743724.0,743725.0,2020-03-25 17:12:56
2020-03-25 17:12:57,743928.0,744111.0,2020-03-25 17:12:57
2020-03-25 17:12:58,743928.0,744111.0,2020-03-25 17:12:58
2020-03-25 17:12:59,743928.0,744110.0,2020-03-25 17:12:59
2020-03-25 17:13:00,743928.0,744110.0,2020-03-25 17:13:00
2020-03-25 17:13:01,744019.0,744149.0,2020-03-25 17:13:01
2020-03-25 17:13:03,744074.0,744149.0,2020-03-25 17:13:02
2020-03-25 17:13:04,744074.0,744149.0,2020-03-25 17:13:04
2020-03-25 17:13:05,743875.0,744074.0,2020-03-25 17:13:05
2020-03-25 17:13:06,743875.0,744074.0,2020-03-25 17:13:06
2020-03-25 17:13:07,744030.0,744150.0,2020-03-25 17:13:07
2020-03-25 17:13:08,744030.0,744150.0,2020-03-25 17:13:08
2020-03-25 17:13:09,744000.0,744149.0,2020-03-25 17:13:09
2020-03-25 17:13:10,744000.0,744149.0,2020-03-25 17:13:10
2020-03-25 17:13:11,743907.0,744049.0,2020-03-25 17:13:11
2020-03-25 17:13:12,743907.0,744049.0,2020-03-25 17:13:12
2020-03-25 17:13:13,743905.0,743940.0,2020-03-25 17:13:13
2020-03-25 17:13:14,743905.0,743940.0,2020-03-25 17:13:14
2020-03-25 17:13:16,743952.0,744050.0,2020-03-25 17:13:15
2020-03-25 17:13:17,743952.0,744050.0,2020-03-25 17:13:17
2020-03-25 17:13:18,743924.0,744049.0,2020-03-25 17:13:18
2020-03-25 17:13:19,743924.0,744049.0,2020-03-25 17:13:19
2020-03-25 17:13:20,743960.0,744049.0,2020-03-25 17:13:20
2020-03-25 17:13:21,743960.0,744049.0,2020-03-25 17:13:21
2020-03-25 17:13:22,743950.0,744293.0,2020-03-25 17:13:22
2020-03-25 17:13:23,743950.0,744293.0,2020-03-25 17:13:23
2020-03-25 17:13:24,743842.0,743891.0,2020-03-25 17:13:24
2020-03-25 17:13:25,743842.0,743891.0,2020-03-25 17:13:25
2020-03-25 17:13:26,743842.0,743891.0,2020-03-25 17:13:26
2020-03-25 17:13:27,743842.0,743891.0,2020-03-25 17:13:27
2020-03-25 17:13:28,743842.0,743891.0,2020-03-25 17:13:28
2020-03-25 17:13:29,743842.0,743891.0,2020-03-25 17:13:29
2020-03-25 17:13:31,743609.0,743798.0,2020-03-25 17:13:30
2020-03-25 17:13:32,743609.0,743798.0,2020-03-25 17:13:32
2020-03-25 17:13:33,743609.0,743792.0,2020-03-25 17:13:33
2020-03-25 17:13:34,743609.0,743792.0,2020-03-25 17:13:34
2020-03-25 17:13:35,743614.0,743792.0,2020-03-25 17:13:35
2020-03-25 17:13:36,743614.0,743792.0,2020-03-25 17:13:36
2020-03-25 17:13:37,743614.0,743798.0,2020-03-25 17:13:37
2020-03-25 17:13:38,743614.0,743798.0,2020-03-25 17:13:38
2020-03-25 17:13:39,743202.0,743300.0,2020-03-25 17:13:39
2020-03-25 17:13:40,743202.0,743300.0,2020-03-25 17:13:40
2020-03-25 17:13:41,743178.0,743503.0,2020-03-25 17:13:41
2020-03-25 17:13:42,743178.0,743503.0,2020-03-25 17:13:42
2020-03-25 17:13:44,743550.0,743599.0,2020-03-25 17:13:43
2020-03-25 17:13:45,743550.0,743599.0,2020-03-25 17:13:45
2020-03-25 17:13:46,743211.0,743460.0,2020-03-25 17:13:46
2020-03-25 17:13:47,743211.0,743460.0,2020-03-25 17:13:47
2020-03-25 17:13:48,743705.0,743715.0,2020-03-25 17:13:48
2020-03-25 17:13:49,743698.0,743715.0,2020-03-25 17:13:49
2020-03-25 17:13:50,743698.0,743715.0,2020-03-25 17:13:50
2020-03-25 17:13:51,743650.0,743708.0,2020-03-25 17:13:51
2020-03-25 17:13:52,743650.0,743708.0,2020-03-25 17:13:52
2020-03-25 17:13:53,743650.0,743713.0,2020-03-25 17:13:53
2020-03-25 17:13:54,743650.0,743713.0,2020-03-25 17:13:54
2020-03-25 17:13:55,743650.0,743713.0,2020-03-25 17:13:55
2020-03-25 17:13:56,743650.0,743713.0,2020-03-25 17:13:56
2020-03-25 17:13:58,743650.0,743713.0,2020-03-25 17:13:57
2020-03-25 17:13:59,743650.0,743713.0,2020-03-25 17:13:59
2020-03-25 17:14:00,743650.0,743713.0,2020-03-25 17:14:00
2020-03-25 17:14:01,743650.0,743713.0,2020-03-25 17:14:01
2020-03-25 17:14:02,743650.0,743713.0,2020-03-25 17:14:02
2020-03-25 17:14:03,743650.0,743713.0,2020-03-25 17:14:03
2020-03-25 17:14:04,743650.0,743713.0,2020-03-25 17:14:04
2020-03-25 17:14:05,743650.0,743713.0,2020-03-25 17:14:05
2020-03-25 17:14:06,743653.0,743944.0,2020-03-25 17:14:06
2020-03-25 17:14:07,743653.0,743944.0,2020-03-25 17:14:07
2020-03-25 17:14:08,743651.0,743815.0,2020-03-25 17:14:08
2020-03-25 17:14:09,743651.0,743815.0,2020-03-25 17:14:09
2020-03-25 17:14:10,743713.0,743879.0,2020-03-25 17:14:10
2020-03-25 17:14:12,743713.0,743879.0,2020-03-25 17:14:11
2020-03-25 17:14:13,743726.0,743866.0,2020-03-25 17:14:13
2020-03-25 17:14:14,743726.0,743866.0,2020-03-25 17:14:14
2020-03-25 17:14:15,743740.0,743858.0,2020-03-25 17:14:15
2020-03-25 17:14:16,743740.0,743858.0,2020-03-25 17:14:16
2020-03-25 17:14:17,743753.0,743908.0,2020-03-25 17:14:17
2020-03-25 17:14:18,743753.0,743908.0,2020-03-25 17:14:18
2020-03-25 17:14:19,743767.0,743907.0,2020-03-25 17:14:19
2020-03-25 17:14:20,743767.0,743907.0,2020-03-25 17:14:20
2020-03-25 17:14:21,743781.0,743907.0,2020-03-25 17:14:21
2020-03-25 17:14:22,743781.0,743907.0,2020-03-25 17:14:22
2020-03-25 17:14:23,743908.0,743950.0,2020-03-25 17:14:23
2020-03-25 17:14:25,743908.0,743950.0,2020-03-25 17:14:24
2020-03-25 17:14:26,743964.0,743990.0,2020-03-25 17:14:26
2020-03-25 17:14:27,743964.0,743990.0,2020-03-25 17:14:27
2020-03-25 17:14:28,744139.0,744265.0,2020-03-25 17:14:28
2020-03-25 17:14:29,744139.0,744265.0,2020-03-25 17:14:29
2020-03-25 17:14:30,744178.0,744270.0,2020-03-25 17:14:30
2020-03-25 17:14:31,744178.0,744270.0,2020-03-25 17:14:31
2020-03-25 17:14:32,744178.0,744270.0,2020-03-25 17:14:32
2020-03-25 17:14:33,744178.0,744270.0,2020-03-25 17:14:33
2020-03-25 17:14:35,744178.0,744270.0,2020-03-25 17:14:34
2020-03-25 17:14:36,744178.0,744270.0,2020-03-25 17:14:36
2020-03-25 17:14:37,744178.0,744270.0,2020-03-25 17:14:37
2020-03-25 17:14:38,744268.0,744329.0,2020-03-25 17:14:38
2020-03-25 17:14:39,744268.0,744329.0,2020-03-25 17:14:39
2020-03-25 17:14:40,744276.0,744329.0,2020-03-25 17:14:40
2020-03-25 17:14:41,744276.0,744329.0,2020-03-25 17:14:41
2020-03-25 17:14:42,744272.0,744275.0,2020-03-25 17:14:42
2020-03-25 17:14:43,744272.0,744275.0,2020-03-25 17:14:43
2020-03-25 17:14:44,744273.0,744340.0,2020-03-25 17:14:44
2020-03-25 17:14:45,744273.0,744340.0,2020-03-25 17:14:45
2020-03-25 17:14:46,744257.0,744273.0,2020-03-25 17:14:46
2020-03-25 17:14:47,744257.0,744273.0,2020-03-25 17:14:47
2020-03-25 17:14:49,744258.0,744270.0,2020-03-25 17:14:48
2020-03-25 17:14:50,744258.0,744270.0,2020-03-25 17:14:50
2020-03-25 17:14:51,744010.0,744273.0,2020-03-25 17:14:51
2020-03-25 17:14:52,744010.0,744273.0,2020-03-25 17:14:52
2020-03-25 17:14:53,744063.0,744237.0,2020-03-25 17:14:53
2020-03-25 17:14:54,744063.0,744237.0,2020-03-25 17:14:54
2020-03-25 17:14:55,744251.0,744340.0,2020-03-25 17:14:55
2020-03-25 17:14:56,744251.0,744340.0,2020-03-25 17:14:56
2020-03-25 17:14:57,744304.0,744340.0,2020-03-25 17:14:57
2020-03-25 17:14:58,744304.0,744340.0,2020-03-25 17:14:58
2020-03-25 17:14:59,744007.0,744034.0,2020-03-25 17:14:59
2020-03-25 17:15:00,744007.0,744034.0,2020-03-25 17:15:00
2020-03-25 17:15:01,743759.0,743879.0,2020-03-25 17:15:01
2020-03-25 17:15:03,743759.0,743879.0,2020-03-25 17:15:02
2020-03-25 17:15:04,743760.0,743768.0,2020-03-25 17:15:04
2020-03-25 17:15:05,743760.0,743768.0,2020-03-25 17:15:05
2020-03-25 17:15:06,743533.0,743765.0,2020-03-25 17:15:06
2020-03-25 17:15:07,743533.0,743765.0,2020-03-25 17:15:07
2020-03-25 17:15:08,743571.0,743669.0,2020-03-25 17:15:08
2020-03-25 17:15:09,743571.0,743669.0,2020-03-25 17:15:09
2020-03-25 17:15:10,743572.0,743669.0,2020-03-25 17:15:10
2020-03-25 17:15:11,743572.0,743669.0,2020-03-25 17:15:11
2020-03-25 17:15:12,743669.0,743693.0,2020-03-25 17:15:12
2020-03-25 17:15:13,743669.0,743693.0,2020-03-25 17:15:13
2020-03-25 17:15:14,743550.0,743627.0,2020-03-25 17:15:14
2020-03-25 17:15:15,743550.0,743627.0,2020-03-25 17:15:15
2020-03-25 17:15:17,743551.0,743627.0,2020-03-25 17:15:16
2020-03-25 17:15:18,743551.0,743627.0,2020-03-25 17:15:18
2020-03-25 17:15:19,743741.0,743794.0,2020-03-25 17:15:19
2020-03-25 17:15:20,743741.0,743794.0,2020-03-25 17:15:20
2020-03-25 17:15:21,743755.0,743933.0,2020-03-25 17:15:21
2020-03-25 17:15:22,743755.0,743933.0,2020-03-25 17:15:22
2020-03-25 17:15:23,743750.0,744000.0,2020-03-25 17:15:23
2020-03-25 17:15:24,743750.0,744000.0,2020-03-25 17:15:24
2020-03-25 17:15:25,743901.0,744000.0,2020-03-25 17:15:25
2020-03-25 17:15:26,743901.0,744000.0,2020-03-25 17:15:26
2020-03-25 17:15:27,743901.0,744000.0,2020-03-25 17:15:27
2020-03-25 17:15:28,743763.0,743890.0,2020-03-25 17:15:28
2020-03-25 17:15:29,743763.0,743890.0,2020-03-25 17:15:29
2020-03-25 17:15:31,743764.0,743890.0,2020-03-25 17:15:30
2020-03-25 17:15:32,743764.0,743890.0,2020-03-25 17:15:32
2020-03-25 17:15:33,743824.0,743890.0,2020-03-25 17:15:33
2020-03-25 17:15:34,743824.0,743890.0,2020-03-25 17:15:34
2020-03-25 17:15:35,743785.0,743890.0,2020-03-25 17:15:35
2020-03-25 17:15:36,743785.0,743890.0,2020-03-25 17:15:36
2020-03-25 17:15:37,743785.0,743890.0,2020-03-25 17:15:37
2020-03-25 17:15:38,743785.0,743890.0,2020-03-25 17:15:38
2020-03-25 17:15:39,743785.0,743890.0,2020-03-25 17:15:39
2020-03-25 17:15:40,743785.0,743890.0,2020-03-25 17:15:40
2020-03-25 17:15:41,744282.0,744292.0,2020-03-25 17:15:41
2020-03-25 17:15:43,744282.0,744292.0,2020-03-25 17:15:42
2020-03-25 17:15:44,744283.0,744340.0,2020-03-25 17:15:44
2020-03-25 17:15:45,744283.0,744340.0,2020-03-25 17:15:45
2020-03-25 17:15:46,744283.0,744335.0,2020-03-25 17:15:46
2020-03-25 17:15:47,744283.0,744335.0,2020-03-25 17:15:47
2020-03-25 17:15:48,744290.0,744335.0,2020-03-25 17:15:48
2020-03-25 17:15:49,744290.0,744335.0,2020-03-25 17:15:49
2020-03-25 17:15:50,744349.0,744350.0,2020-03-25 17:15:50
2020-03-25 17:15:51,744349.0,744350.0,2020-03-25 17:15:51
2020-03-25 17:15:52,744351.0,744500.0,2020-03-25 17:15:52
2020-03-25 17:15:53,744351.0,744500.0,2020-03-25 17:15:53
2020-03-25 17:15:54,744350.0,744495.0,2020-03-25 17:15:54
2020-03-25 17:15:55,744350.0,744495.0,2020-03-25 17:15:55
2020-03-25 17:15:57,744351.0,744500.0,2020-03-25 17:15:56
2020-03-25 17:15:58,744351.0,744500.0,2020-03-25 17:15:58
2020-03-25 17:15:59,744371.0,744500.0,2020-03-25 17:15:59
2020-03-25 17:16:00,744371.0,744500.0,2020-03-25 17:16:00
2020-03-25 17:16:01,744372.0,744500.0,2020-03-25 17:16:01
2020-03-25 17:16:02,744372.0,744500.0,2020-03-25 17:16:02
2020-03-25 17:16:03,744372.0,744500.0,2020-03-25 17:16:03
2020-03-25 17:16:04,744345.0,744500.0,2020-03-25 17:16:04
2020-03-25 17:16:05,744345.0,744500.0,2020-03-25 17:16:05
2020-03-25 17:16:06,744346.0,744500.0,2020-03-25 17:16:06
2020-03-25 17:16:07,744346.0,744500.0,2020-03-25 17:16:07
2020-03-25 17:16:08,744331.0,744482.0,2020-03-25 17:16:08
2020-03-25 17:16:10,744331.0,744482.0,2020-03-25 17:16:09
2020-03-25 17:16:11,744332.0,744479.0,2020-03-25 17:16:11
2020-03-25 17:16:12,744332.0,744479.0,2020-03-25 17:16:12
2020-03-25 17:16:13,744731.0,744836.0,2020-03-25 17:16:13
2020-03-25 17:16:14,744731.0,744836.0,2020-03-25 17:16:14
2020-03-25 17:16:15,744885.0,744997.0,2020-03-25 17:16:15
2020-03-25 17:16:16,744885.0,744997.0,2020-03-25 17:16:16
2020-03-25 17:16:17,744968.0,745000.0,2020-03-25 17:16:17
2020-03-25 17:16:18,744968.0,745000.0,2020-03-25 17:16:18
2020-03-25 17:16:19,744973.0,745000.0,2020-03-25 17:16:19
2020-03-25 17:16:20,744973.0,745000.0,2020-03-25 17:16:20
2020-03-25 17:16:21,744977.0,744996.0,2020-03-25 17:16:21
2020-03-25 17:16:22,744977.0,744996.0,2020-03-25 17:16:22
2020-03-25 17:16:23,745088.0,745152.0,2020-03-25 17:16:23
2020-03-25 17:16:24,745088.0,745152.0,2020-03-25 17:16:24
2020-03-25 17:16:25,744870.0,744937.0,2020-03-25 17:16:25
2020-03-25 17:16:27,744870.0,744937.0,2020-03-25 17:16:26
2020-03-25 17:16:28,744773.0,744934.0,2020-03-25 17:16:28
2020-03-25 17:16:29,744773.0,744934.0,2020-03-25 17:16:29
2020-03-25 17:16:30,744750.0,744916.0,2020-03-25 17:16:30
2020-03-25 17:16:31,744750.0,744916.0,2020-03-25 17:16:31
2020-03-25 17:16:32,744558.0,744574.0,2020-03-25 17:16:32
2020-03-25 17:16:33,744558.0,744574.0,2020-03-25 17:16:33
2020-03-25 17:16:34,744350.0,744559.0,2020-03-25 17:16:34
2020-03-25 17:16:35,744350.0,744559.0,2020-03-25 17:16:35
2020-03-25 17:16:36,744350.0,744438.0,2020-03-25 17:16:36
2020-03-25 17:16:37,744350.0,744438.0,2020-03-25 17:16:37
2020-03-25 17:16:38,744350.0,744438.0,2020-03-25 17:16:38
2020-03-25 17:16:39,744350.0,744438.0,2020-03-25 17:16:39
2020-03-25 17:16:40,744350.0,744438.0,2020-03-25 17:16:40
2020-03-25 17:16:41,744350.0,744438.0,2020-03-25 17:16:41
2020-03-25 17:16:42,744350.0,744438.0,2020-03-25 17:16:42
2020-03-25 17:16:44,744350.0,744438.0,2020-03-25 17:16:44
2020-03-25 17:16:45,744500.0,744641.0,2020-03-25 17:16:45
2020-03-25 17:16:46,744500.0,744641.0,2020-03-25 17:16:46
2020-03-25 17:16:47,744500.0,744633.0,2020-03-25 17:16:47
2020-03-25 17:16:48,744500.0,744633.0,2020-03-25 17:16:48
2020-03-25 17:16:49,744110.0,744200.0,2020-03-25 17:16:49
2020-03-25 17:16:50,744110.0,744200.0,2020-03-25 17:16:50
2020-03-25 17:16:51,744350.0,744382.0,2020-03-25 17:16:51
2020-03-25 17:16:52,744350.0,744382.0,2020-03-25 17:16:52
2020-03-25 17:16:53,744179.0,744391.0,2020-03-25 17:16:53
2020-03-25 17:16:54,744179.0,744391.0,2020-03-25 17:16:54
2020-03-25 17:16:55,744413.0,744489.0,2020-03-25 17:16:55
2020-03-25 17:16:56,744413.0,744489.0,2020-03-25 17:16:56
2020-03-25 17:16:57,744413.0,744489.0,2020-03-25 17:16:57
2020-03-25 17:16:58,744413.0,744489.0,2020-03-25 17:16:58
2020-03-25 17:16:59,744325.0,744489.0,2020-03-25 17:16:59
2020-03-25 17:17:01,744333.0,744489.0,2020-03-25 17:17:00
2020-03-25 17:17:02,744333.0,744489.0,2020-03-25 17:17:02
2020-03-25 17:17:03,744344.0,744422.0,2020-03-25 17:17:03
2020-03-25 17:17:04,744344.0,744422.0,2020-03-25 17:17:04
2020-03-25 17:17:05,744354.0,744489.0,2020-03-25 17:17:05
2020-03-25 17:17:06,744354.0,744489.0,2020-03-25 17:17:06
2020-03-25 17:17:07,744504.0,744542.0,2020-03-25 17:17:07
2020-03-25 17:17:08,744504.0,744542.0,2020-03-25 17:17:08
2020-03-25 17:17:09,744504.0,744542.0,2020-03-25 17:17:09
2020-03-25 17:17:10,744504.0,744542.0,2020-03-25 17:17:10
2020-03-25 17:17:11,744353.0,744542.0,2020-03-25 17:17:11
2020-03-25 17:17:12,744353.0,744542.0,2020-03-25 17:17:12
2020-03-25 17:17:13,744353.0,744545.0,2020-03-25 17:17:13
2020-03-25 17:17:14,744353.0,744545.0,2020-03-25 17:17:14
2020-03-25 17:17:16,744367.0,744490.0,2020-03-25 17:17:15
2020-03-25 17:17:17,744367.0,744490.0,2020-03-25 17:17:17
2020-03-25 17:17:18,744170.0,744341.0,2020-03-25 17:17:18
2020-03-25 17:17:19,744170.0,744341.0,2020-03-25 17:17:19
2020-03-25 17:17:20,744110.0,744237.0,2020-03-25 17:17:20
2020-03-25 17:17:21,744110.0,744237.0,2020-03-25 17:17:21
2020-03-25 17:17:22,744110.0,744174.0,2020-03-25 17:17:22
2020-03-25 17:17:23,744110.0,744174.0,2020-03-25 17:17:23
2020-03-25 17:17:24,744110.0,744175.0,2020-03-25 17:17:24
2020-03-25 17:17:25,744110.0,744175.0,2020-03-25 17:17:25
2020-03-25 17:17:26,744110.0,744175.0,2020-03-25 17:17:26
2020-03-25 17:17:27,744110.0,744175.0,2020-03-25 17:17:27
2020-03-25 17:17:28,744110.0,744152.0,2020-03-25 17:17:28
2020-03-25 17:17:29,744110.0,744152.0,2020-03-25 17:17:29
2020-03-25 17:17:30,744110.0,744152.0,2020-03-25 17:17:30
2020-03-25 17:17:31,744110.0,744152.0,2020-03-25 17:17:31
2020-03-25 17:17:33,744074.0,744146.0,2020-03-25 17:17:32
2020-03-25 17:17:34,744074.0,744146.0,2020-03-25 17:17:34
2020-03-25 17:17:35,744074.0,744140.0,2020-03-25 17:17:35
2020-03-25 17:17:36,744074.0,744140.0,2020-03-25 17:17:36
2020-03-25 17:17:37,744056.0,744140.0,2020-03-25 17:17:37
2020-03-25 17:17:38,744056.0,744140.0,2020-03-25 17:17:38
2020-03-25 17:17:39,744056.0,744140.0,2020-03-25 17:17:39
2020-03-25 17:17:40,744056.0,744140.0,2020-03-25 17:17:40
2020-03-25 17:17:41,744056.0,744140.0,2020-03-25 17:17:41
2020-03-25 17:17:42,744056.0,744140.0,2020-03-25 17:17:42
2020-03-25 17:17:43,743850.0,743933.0,2020-03-25 17:17:43
2020-03-25 17:17:44,743850.0,743933.0,2020-03-25 17:17:44
2020-03-25 17:17:45,743896.0,743933.0,2020-03-25 17:17:45
2020-03-25 17:17:46,743896.0,743933.0,2020-03-25 17:17:46
2020-03-25 17:17:47,743850.0,743898.0,2020-03-25 17:17:47
2020-03-25 17:17:49,743850.0,743898.0,2020-03-25 17:17:48
2020-03-25 17:17:50,743850.0,743898.0,2020-03-25 17:17:50
2020-03-25 17:17:51,743850.0,743898.0,2020-03-25 17:17:51
2020-03-25 17:17:52,743850.0,743898.0,2020-03-25 17:17:52
2020-03-25 17:17:53,743850.0,743898.0,2020-03-25 17:17:53
2020-03-25 17:17:54,743850.0,743990.0,2020-03-25 17:17:54
2020-03-25 17:17:55,743850.0,743990.0,2020-03-25 17:17:55
2020-03-25 17:17:56,743850.0,743940.0,2020-03-25 17:17:56
2020-03-25 17:17:57,743850.0,743940.0,2020-03-25 17:17:57
2020-03-25 17:17:58,743850.0,743940.0,2020-03-25 17:17:58
2020-03-25 17:17:59,743890.0,743990.0,2020-03-25 17:17:59
2020-03-25 17:18:00,743890.0,743990.0,2020-03-25 17:18:00
2020-03-25 17:18:01,743890.0,743990.0,2020-03-25 17:18:01
2020-03-25 17:18:02,743890.0,743990.0,2020-03-25 17:18:02
2020-03-25 17:18:03,743850.0,743990.0,2020-03-25 17:18:03
2020-03-25 17:18:04,743850.0,743990.0,2020-03-25 17:18:04
2020-03-25 17:18:06,743935.0,743990.0,2020-03-25 17:18:05
2020-03-25 17:18:07,743935.0,743990.0,2020-03-25 17:18:07
2020-03-25 17:18:08,743977.0,744059.0,2020-03-25 17:18:08
2020-03-25 17:18:09,743977.0,744059.0,2020-03-25 17:18:09
2020-03-25 17:18:10,744050.0,744156.0,2020-03-25 17:18:10
2020-03-25 17:18:11,744050.0,744156.0,2020-03-25 17:18:11
2020-03-25 17:18:12,744050.0,744191.0,2020-03-25 17:18:12
2020-03-25 17:18:13,744050.0,744191.0,2020-03-25 17:18:13
2020-03-25 17:18:14,744050.0,744210.0,2020-03-25 17:18:14
2020-03-25 17:18:15,744050.0,744210.0,2020-03-25 17:18:15
2020-03-25 17:18:16,743971.0,744045.0,2020-03-25 17:18:16
2020-03-25 17:18:17,743971.0,744045.0,2020-03-25 17:18:17
2020-03-25 17:18:18,743940.0,744091.0,2020-03-25 17:18:18
2020-03-25 17:18:19,743940.0,744091.0,2020-03-25 17:18:19
2020-03-25 17:18:20,743969.0,744070.0,2020-03-25 17:18:20
2020-03-25 17:18:21,743969.0,744070.0,2020-03-25 17:18:21
2020-03-25 17:18:23,743890.0,744065.0,2020-03-25 17:18:22
2020-03-25 17:18:24,743890.0,744065.0,2020-03-25 17:18:24
2020-03-25 17:18:25,743895.0,743990.0,2020-03-25 17:18:25
2020-03-25 17:18:26,743895.0,743990.0,2020-03-25 17:18:26
2020-03-25 17:18:27,743416.0,743518.0,2020-03-25 17:18:27
