timestamp,bid,ask
2020-03-18 03:12:36,583063.0,583119.0
2020-03-18 03:12:38,583063.0,583119.0
2020-03-18 03:12:39,583063.0,583119.0
2020-03-18 03:12:40,583063.0,583119.0
2020-03-18 03:12:41,582995.0,583263.0
2020-03-18 03:12:42,582995.0,583263.0
2020-03-18 03:12:43,583056.0,583103.0
2020-03-18 03:12:44,583056.0,583103.0
2020-03-18 03:12:45,583208.0,583261.0
2020-03-18 03:12:46,583208.0,583261.0
2020-03-18 03:12:47,583116.0,583260.0
2020-03-18 03:12:48,583116.0,583260.0
2020-03-18 03:12:50,583181.0,583260.0
2020-03-18 03:12:51,583099.0,583201.0
2020-03-18 03:12:52,583099.0,583201.0
2020-03-18 03:12:53,583101.0,583511.0
2020-03-18 03:12:54,583101.0,583511.0
2020-03-18 03:12:55,583174.0,583498.0
2020-03-18 03:12:56,583174.0,583498.0
2020-03-18 03:12:57,583174.0,583476.0
2020-03-18 03:12:58,583174.0,583476.0
2020-03-18 03:12:59,583205.0,583449.0
2020-03-18 03:13:00,583205.0,583449.0
2020-03-18 03:13:01,583155.0,583448.0
2020-03-18 03:13:02,583155.0,583448.0
2020-03-18 03:13:04,582832.0,583138.0
2020-03-18 03:13:05,582832.0,583138.0
2020-03-18 03:13:06,582832.0,583040.0
2020-03-18 03:13:07,582832.0,583040.0
2020-03-18 03:13:08,582832.0,583103.0
2020-03-18 03:13:09,582832.0,583103.0
2020-03-18 03:13:10,582844.0,583070.0
2020-03-18 03:13:11,582844.0,583070.0
2020-03-18 03:13:12,582845.0,583013.0
2020-03-18 03:13:13,582845.0,583013.0
2020-03-18 03:13:14,582469.0,582535.0
2020-03-18 03:13:15,582469.0,582535.0
2020-03-18 03:13:16,582469.0,582522.0
2020-03-18 03:13:17,582469.0,582522.0
2020-03-18 03:13:19,582276.0,582339.0
2020-03-18 03:13:20,582276.0,582339.0
2020-03-18 03:13:21,582095.0,582273.0
2020-03-18 03:13:22,582095.0,582273.0
2020-03-18 03:13:23,582150.0,582173.0
2020-03-18 03:13:24,582150.0,582173.0
2020-03-18 03:13:26,582161.0,582456.0
2020-03-18 03:13:27,582163.0,582532.0
2020-03-18 03:13:28,582152.0,582529.0
2020-03-18 03:13:29,582152.0,582529.0
2020-03-18 03:13:30,582169.0,582638.0
2020-03-18 03:13:31,582169.0,582638.0
2020-03-18 03:13:33,582177.0,582509.0
2020-03-18 03:13:34,582177.0,582509.0
2020-03-18 03:13:35,582410.0,582637.0
2020-03-18 03:13:36,582410.0,582637.0
2020-03-18 03:13:37,582412.0,582898.0
2020-03-18 03:13:38,582412.0,582898.0
2020-03-18 03:13:39,582668.0,582920.0
2020-03-18 03:13:40,582668.0,582920.0
2020-03-18 03:13:41,582668.0,582814.0
2020-03-18 03:13:42,582668.0,582814.0
2020-03-18 03:13:43,582972.0,583091.0
2020-03-18 03:13:44,582972.0,583091.0
2020-03-18 03:13:45,582936.0,583091.0
2020-03-18 03:13:46,582936.0,583091.0
2020-03-18 03:13:47,582728.0,582952.0
2020-03-18 03:13:48,582728.0,582952.0
2020-03-18 03:13:50,582728.0,582952.0
2020-03-18 03:13:51,582728.0,582952.0
2020-03-18 03:13:52,581830.0,582032.0
2020-03-18 03:13:53,581830.0,582032.0
2020-03-18 03:13:54,582028.0,582197.0
2020-03-18 03:13:55,582028.0,582197.0
2020-03-18 03:13:56,582088.0,582275.0
2020-03-18 03:13:57,582088.0,582275.0
2020-03-18 03:13:58,582017.0,582500.0
2020-03-18 03:13:59,582017.0,582500.0
2020-03-18 03:14:00,582351.0,582581.0
2020-03-18 03:14:01,582351.0,582581.0
2020-03-18 03:14:02,582264.0,582316.0
2020-03-18 03:14:03,582264.0,582316.0
2020-03-18 03:14:04,582245.0,582429.0
2020-03-18 03:14:05,582245.0,582429.0
2020-03-18 03:14:07,582248.0,582714.0
2020-03-18 03:14:08,582248.0,582714.0
2020-03-18 03:14:09,582274.0,582517.0
2020-03-18 03:14:10,582274.0,582517.0
2020-03-18 03:14:11,582539.0,582616.0
2020-03-18 03:14:12,582539.0,582616.0
2020-03-18 03:14:13,582429.0,582596.0
2020-03-18 03:14:14,582429.0,582596.0
2020-03-18 03:14:15,582429.0,582659.0
2020-03-18 03:14:16,582429.0,582659.0
2020-03-18 03:14:17,582429.0,582714.0
2020-03-18 03:14:18,582429.0,582714.0
2020-03-18 03:14:19,582779.0,583173.0
2020-03-18 03:14:20,582779.0,583173.0
2020-03-18 03:14:21,582946.0,583160.0
2020-03-18 03:14:23,582946.0,583160.0
2020-03-18 03:14:24,582946.0,583160.0
2020-03-18 03:14:25,582946.0,583160.0
2020-03-18 03:14:26,583545.0,583800.0
2020-03-18 03:14:27,583545.0,583800.0
2020-03-18 03:14:28,583756.0,584017.0
2020-03-18 03:14:29,583756.0,584017.0
2020-03-18 03:14:30,583517.0,583696.0
2020-03-18 03:14:31,583517.0,583696.0
2020-03-18 03:14:32,583519.0,583670.0
2020-03-18 03:14:33,583519.0,583670.0
2020-03-18 03:14:34,583072.0,583162.0
2020-03-18 03:14:35,583072.0,583162.0
2020-03-18 03:14:36,583116.0,583118.0
2020-03-18 03:14:37,583116.0,583118.0
2020-03-18 03:14:38,583225.0,583285.0
2020-03-18 03:14:40,583225.0,583285.0
2020-03-18 03:14:41,583225.0,583285.0
2020-03-18 03:14:42,583225.0,583285.0
2020-03-18 03:14:43,583428.0,583566.0
2020-03-18 03:14:44,583428.0,583566.0
2020-03-18 03:14:45,583428.0,583567.0
2020-03-18 03:14:46,583428.0,583567.0
2020-03-18 03:14:47,583102.0,583265.0
2020-03-18 03:14:48,583102.0,583265.0
2020-03-18 03:14:49,583102.0,583264.0
2020-03-18 03:14:50,583102.0,583264.0
2020-03-18 03:14:51,583142.0,583313.0
2020-03-18 03:14:52,583142.0,583313.0
2020-03-18 03:14:53,583143.0,583475.0
2020-03-18 03:14:55,583143.0,583475.0
2020-03-18 03:14:56,582840.0,583434.0
2020-03-18 03:14:57,582840.0,583434.0
2020-03-18 03:14:58,582839.0,583353.0
2020-03-18 03:14:59,582839.0,583353.0
2020-03-18 03:15:00,582891.0,583283.0
2020-03-18 03:15:01,582891.0,583283.0
2020-03-18 03:15:02,582752.0,582830.0
2020-03-18 03:15:03,582752.0,582968.0
2020-03-18 03:15:04,582752.0,582968.0
2020-03-18 03:15:05,582887.0,583092.0
2020-03-18 03:15:06,582887.0,583092.0
2020-03-18 03:15:07,583041.0,583092.0
2020-03-18 03:15:09,583041.0,583092.0
2020-03-18 03:15:10,583000.0,583092.0
2020-03-18 03:15:11,583000.0,583092.0
2020-03-18 03:15:12,583006.0,583159.0
2020-03-18 03:15:13,583006.0,583159.0
2020-03-18 03:15:14,582286.0,582674.0
2020-03-18 03:15:15,582286.0,582674.0
2020-03-18 03:15:16,582285.0,582533.0
2020-03-18 03:15:17,582285.0,582533.0
2020-03-18 03:15:18,582046.0,582233.0
2020-03-18 03:15:19,582046.0,582233.0
2020-03-18 03:15:20,581933.0,582157.0
2020-03-18 03:15:21,581933.0,582157.0
2020-03-18 03:15:22,581557.0,581916.0
2020-03-18 03:15:23,581557.0,581916.0
2020-03-18 03:15:25,581557.0,581916.0
2020-03-18 03:15:26,581557.0,581916.0
2020-03-18 03:15:27,582053.0,582242.0
2020-03-18 03:15:28,582053.0,582242.0
2020-03-18 03:15:29,581730.0,582082.0
2020-03-18 03:15:30,581730.0,582082.0
2020-03-18 03:15:31,581897.0,582403.0
2020-03-18 03:15:32,581897.0,582403.0
2020-03-18 03:15:33,581800.0,582373.0
2020-03-18 03:15:34,581800.0,582373.0
2020-03-18 03:15:35,581730.0,581797.0
2020-03-18 03:15:36,581730.0,581797.0
2020-03-18 03:15:37,581716.0,581897.0
2020-03-18 03:15:38,581716.0,581897.0
2020-03-18 03:15:40,581716.0,581897.0
2020-03-18 03:15:41,581716.0,581897.0
2020-03-18 03:15:42,581716.0,581784.0
2020-03-18 03:15:43,581716.0,581784.0
2020-03-18 03:15:44,581716.0,581783.0
2020-03-18 03:15:45,581716.0,581783.0
2020-03-18 03:15:46,581716.0,581783.0
2020-03-18 03:15:47,581716.0,581783.0
2020-03-18 03:15:48,581286.0,581638.0
2020-03-18 03:15:49,581286.0,581638.0
2020-03-18 03:15:50,581587.0,581637.0
2020-03-18 03:15:51,581587.0,581637.0
2020-03-18 03:15:52,582253.0,582277.0
2020-03-18 03:15:53,582253.0,582277.0
2020-03-18 03:15:54,582271.0,582671.0
2020-03-18 03:15:55,582271.0,582671.0
2020-03-18 03:15:57,582264.0,582516.0
2020-03-18 03:15:58,582325.0,582511.0
2020-03-18 03:15:59,582325.0,582511.0
2020-03-18 03:16:00,582610.0,582792.0
2020-03-18 03:16:01,582610.0,582792.0
2020-03-18 03:16:02,582660.0,582891.0
2020-03-18 03:16:03,582660.0,582891.0
2020-03-18 03:16:04,582753.0,582890.0
2020-03-18 03:16:05,582753.0,582890.0
2020-03-18 03:16:06,583188.0,583479.0
2020-03-18 03:16:07,583188.0,583479.0
2020-03-18 03:16:08,583085.0,583427.0
2020-03-18 03:16:09,583085.0,583427.0
2020-03-18 03:16:10,583000.0,583372.0
2020-03-18 03:16:11,583000.0,583372.0
2020-03-18 03:16:13,582948.0,583338.0
2020-03-18 03:16:14,582948.0,583338.0
2020-03-18 03:16:15,583001.0,583356.0
2020-03-18 03:16:16,583001.0,583356.0
2020-03-18 03:16:17,582435.0,582849.0
2020-03-18 03:16:18,582435.0,582849.0
2020-03-18 03:16:19,582498.0,582834.0
2020-03-18 03:16:20,582498.0,582834.0
2020-03-18 03:16:21,582340.0,582572.0
2020-03-18 03:16:22,582340.0,582572.0
2020-03-18 03:16:23,582422.0,582544.0
2020-03-18 03:16:24,582422.0,582544.0
2020-03-18 03:16:25,582423.0,582692.0
2020-03-18 03:16:26,582423.0,582692.0
2020-03-18 03:16:27,582448.0,582916.0
2020-03-18 03:16:29,582448.0,582916.0
2020-03-18 03:16:30,582466.0,582915.0
2020-03-18 03:16:31,582466.0,582915.0
2020-03-18 03:16:32,582007.0,582101.0
2020-03-18 03:16:33,582007.0,582101.0
2020-03-18 03:16:34,582101.0,582377.0
2020-03-18 03:16:35,582101.0,582377.0
2020-03-18 03:16:36,582876.0,583122.0
2020-03-18 03:16:37,582876.0,583122.0
2020-03-18 03:16:38,583049.0,583295.0
2020-03-18 03:16:39,583049.0,583295.0
2020-03-18 03:16:40,582879.0,583103.0
2020-03-18 03:16:41,582879.0,583103.0
2020-03-18 03:16:42,583128.0,583273.0
2020-03-18 03:16:43,583128.0,583273.0
2020-03-18 03:16:45,583143.0,583223.0
2020-03-18 03:16:46,583143.0,583223.0
2020-03-18 03:16:47,582862.0,583223.0
2020-03-18 03:16:48,582862.0,583223.0
2020-03-18 03:16:49,583178.0,583504.0
2020-03-18 03:16:50,583178.0,583504.0
2020-03-18 03:16:51,583178.0,583294.0
2020-03-18 03:16:52,583178.0,583294.0
2020-03-18 03:16:53,583173.0,583498.0
2020-03-18 03:16:54,583173.0,583498.0
2020-03-18 03:16:55,583391.0,583418.0
2020-03-18 03:16:56,583391.0,583418.0
2020-03-18 03:16:57,583242.0,583415.0
2020-03-18 03:16:58,583242.0,583415.0
2020-03-18 03:16:59,582703.0,582734.0
2020-03-18 03:17:00,582703.0,582734.0
2020-03-18 03:17:01,583026.0,583103.0
2020-03-18 03:17:03,583026.0,583103.0
2020-03-18 03:17:04,583120.0,583330.0
2020-03-18 03:17:05,583120.0,583330.0
2020-03-18 03:17:06,583161.0,583243.0
2020-03-18 03:17:07,583161.0,583243.0
2020-03-18 03:17:08,582839.0,582868.0
2020-03-18 03:17:09,582839.0,583034.0
2020-03-18 03:17:10,582839.0,583034.0
2020-03-18 03:17:11,582860.0,583033.0
2020-03-18 03:17:12,582860.0,583033.0
2020-03-18 03:17:13,583018.0,583183.0
2020-03-18 03:17:14,583018.0,583183.0
2020-03-18 03:17:15,583018.0,583172.0
2020-03-18 03:17:16,583018.0,583172.0
2020-03-18 03:17:18,583172.0,583279.0
2020-03-18 03:17:19,583172.0,583279.0
2020-03-18 03:17:20,583172.0,583279.0
2020-03-18 03:17:21,583172.0,583279.0
2020-03-18 03:17:22,583172.0,583279.0
2020-03-18 03:17:23,583172.0,583279.0
2020-03-18 03:17:24,583177.0,583310.0
2020-03-18 03:17:25,583177.0,583310.0
2020-03-18 03:17:26,583177.0,583464.0
2020-03-18 03:17:27,583177.0,583464.0
2020-03-18 03:17:28,583178.0,583500.0
2020-03-18 03:17:29,583178.0,583500.0
2020-03-18 03:17:30,583182.0,583575.0
2020-03-18 03:17:31,583182.0,583575.0
2020-03-18 03:17:32,583287.0,583620.0
2020-03-18 03:17:33,583287.0,583620.0
2020-03-18 03:17:35,583184.0,583584.0
2020-03-18 03:17:36,583184.0,583584.0
2020-03-18 03:17:37,583398.0,583482.0
2020-03-18 03:17:38,583398.0,583482.0
2020-03-18 03:17:39,583448.0,583681.0
2020-03-18 03:17:40,583448.0,583681.0
2020-03-18 03:17:41,583527.0,583778.0
2020-03-18 03:17:42,583527.0,583778.0
2020-03-18 03:17:43,583681.0,583906.0
2020-03-18 03:17:44,583681.0,583906.0
2020-03-18 03:17:45,583681.0,583863.0
2020-03-18 03:17:46,583681.0,583863.0
2020-03-18 03:17:47,583778.0,583920.0
2020-03-18 03:17:48,583778.0,583920.0
2020-03-18 03:17:49,583642.0,583920.0
2020-03-18 03:17:51,583642.0,583920.0
2020-03-18 03:17:52,583647.0,583920.0
2020-03-18 03:17:53,583647.0,583920.0
2020-03-18 03:17:54,583647.0,583983.0
2020-03-18 03:17:55,583647.0,583983.0
2020-03-18 03:17:56,583607.0,583944.0
2020-03-18 03:17:57,583607.0,583944.0
2020-03-18 03:17:58,583608.0,583756.0
2020-03-18 03:17:59,583608.0,583756.0
2020-03-18 03:18:00,583609.0,583665.0
2020-03-18 03:18:01,583609.0,583665.0
2020-03-18 03:18:02,583795.0,583934.0
2020-03-18 03:18:03,583795.0,583934.0
2020-03-18 03:18:04,584022.0,584287.0
2020-03-18 03:18:05,584022.0,584287.0
2020-03-18 03:18:06,584341.0,584376.0
2020-03-18 03:18:08,584341.0,584376.0
2020-03-18 03:18:09,584156.0,584320.0
2020-03-18 03:18:10,584156.0,584320.0
2020-03-18 03:18:11,584124.0,584518.0
2020-03-18 03:18:12,584124.0,584518.0
2020-03-18 03:18:13,584183.0,584514.0
2020-03-18 03:18:14,584183.0,584514.0
2020-03-18 03:18:15,584185.0,584195.0
2020-03-18 03:18:16,584185.0,584195.0
2020-03-18 03:18:17,584185.0,584195.0
2020-03-18 03:18:18,584185.0,584293.0
2020-03-18 03:18:19,584185.0,584293.0
2020-03-18 03:18:20,584158.0,584293.0
2020-03-18 03:18:21,584158.0,584293.0
2020-03-18 03:18:22,584158.0,584293.0
2020-03-18 03:18:23,584158.0,584293.0
2020-03-18 03:18:25,584158.0,584293.0
2020-03-18 03:18:26,584158.0,584293.0
2020-03-18 03:18:27,583934.0,584256.0
2020-03-18 03:18:28,583934.0,584256.0
2020-03-18 03:18:29,583970.0,584326.0
2020-03-18 03:18:30,583970.0,584326.0
2020-03-18 03:18:31,584372.0,584402.0
2020-03-18 03:18:32,584372.0,584402.0
2020-03-18 03:18:33,584361.0,584721.0
2020-03-18 03:18:34,584361.0,584721.0
2020-03-18 03:18:35,584146.0,584340.0
2020-03-18 03:18:36,584146.0,584340.0
2020-03-18 03:18:37,584123.0,584595.0
2020-03-18 03:18:38,584123.0,584595.0
2020-03-18 03:18:39,584085.0,584444.0
2020-03-18 03:18:40,584085.0,584444.0
2020-03-18 03:18:42,584346.0,584439.0
2020-03-18 03:18:43,584346.0,584439.0
2020-03-18 03:18:44,584396.0,584439.0
2020-03-18 03:18:45,584396.0,584439.0
2020-03-18 03:18:46,584399.0,584660.0
2020-03-18 03:18:47,584399.0,584660.0
2020-03-18 03:18:48,584708.0,584982.0
2020-03-18 03:18:49,584708.0,584982.0
2020-03-18 03:18:50,584711.0,584981.0
2020-03-18 03:18:51,584711.0,584981.0
2020-03-18 03:18:52,584738.0,584940.0
2020-03-18 03:18:53,584738.0,584940.0
2020-03-18 03:18:54,585225.0,585630.0
2020-03-18 03:18:55,585225.0,585630.0
2020-03-18 03:18:56,585258.0,585335.0
2020-03-18 03:18:58,585258.0,585335.0
2020-03-18 03:18:59,585574.0,585630.0
2020-03-18 03:19:00,585574.0,585630.0
2020-03-18 03:19:01,585582.0,585630.0
2020-03-18 03:19:02,585582.0,585630.0
2020-03-18 03:19:03,585500.0,585582.0
2020-03-18 03:19:04,585500.0,585582.0
2020-03-18 03:19:05,585393.0,585571.0
2020-03-18 03:19:06,585393.0,585571.0
2020-03-18 03:19:07,585484.0,585617.0
2020-03-18 03:19:08,585484.0,585617.0
2020-03-18 03:19:09,585080.0,585292.0
2020-03-18 03:19:10,585080.0,585292.0
2020-03-18 03:19:11,585031.0,585060.0
2020-03-18 03:19:12,585031.0,585060.0
2020-03-18 03:19:13,584974.0,585092.0
2020-03-18 03:19:15,584743.0,584903.0
2020-03-18 03:19:16,584743.0,584903.0
2020-03-18 03:19:17,584552.0,584573.0
2020-03-18 03:19:18,584552.0,584573.0
2020-03-18 03:19:19,584858.0,584978.0
2020-03-18 03:19:20,584858.0,584978.0
2020-03-18 03:19:21,584614.0,584978.0
2020-03-18 03:19:22,584614.0,584978.0
2020-03-18 03:19:23,584614.0,584933.0
2020-03-18 03:19:24,584614.0,584933.0
2020-03-18 03:19:25,584126.0,584327.0
2020-03-18 03:19:27,584126.0,584327.0
2020-03-18 03:19:28,583978.0,584130.0
2020-03-18 03:19:29,583978.0,584130.0
2020-03-18 03:19:30,584002.0,584454.0
2020-03-18 03:19:31,584002.0,584454.0
2020-03-18 03:19:32,584051.0,584249.0
2020-03-18 03:19:33,584051.0,584249.0
2020-03-18 03:19:34,584204.0,584249.0
2020-03-18 03:19:35,584204.0,584249.0
2020-03-18 03:19:36,584160.0,584316.0
2020-03-18 03:19:37,584160.0,584316.0
2020-03-18 03:19:38,584160.0,584541.0
2020-03-18 03:19:39,584160.0,584541.0
2020-03-18 03:19:41,584546.0,584599.0
2020-03-18 03:19:42,584546.0,584599.0
2020-03-18 03:19:43,584542.0,584867.0
2020-03-18 03:19:44,584542.0,584867.0
2020-03-18 03:19:45,584769.0,584792.0
2020-03-18 03:19:46,584603.0,584787.0
2020-03-18 03:19:47,584603.0,584787.0
2020-03-18 03:19:48,584603.0,584761.0
2020-03-18 03:19:50,584603.0,584761.0
2020-03-18 03:19:51,584603.0,584795.0
2020-03-18 03:19:52,584603.0,584795.0
2020-03-18 03:19:53,584371.0,584500.0
2020-03-18 03:19:54,584371.0,584500.0
2020-03-18 03:19:55,584222.0,584409.0
2020-03-18 03:19:56,584222.0,584409.0
2020-03-18 03:19:57,583858.0,584500.0
2020-03-18 03:19:58,583858.0,584500.0
2020-03-18 03:19:59,584311.0,584749.0
2020-03-18 03:20:00,584311.0,584749.0
2020-03-18 03:20:01,584611.0,584885.0
2020-03-18 03:20:02,584611.0,584885.0
2020-03-18 03:20:03,584611.0,584885.0
2020-03-18 03:20:04,584611.0,584885.0
2020-03-18 03:20:05,584613.0,584862.0
2020-03-18 03:20:07,584613.0,584862.0
2020-03-18 03:20:08,584614.0,584828.0
2020-03-18 03:20:09,584614.0,584828.0
2020-03-18 03:20:10,584490.0,584823.0
2020-03-18 03:20:11,584415.0,584664.0
2020-03-18 03:20:12,584415.0,584664.0
2020-03-18 03:20:13,584766.0,584908.0
2020-03-18 03:20:14,584766.0,584908.0
2020-03-18 03:20:15,584766.0,584858.0
2020-03-18 03:20:16,584766.0,584858.0
2020-03-18 03:20:17,584816.0,584858.0
2020-03-18 03:20:18,584816.0,584858.0
2020-03-18 03:20:19,584690.0,584995.0
2020-03-18 03:20:20,584690.0,584995.0
2020-03-18 03:20:22,584722.0,584823.0
2020-03-18 03:20:23,584722.0,584823.0
2020-03-18 03:20:24,584773.0,584823.0
2020-03-18 03:20:25,584773.0,584823.0
2020-03-18 03:20:26,584773.0,584823.0
2020-03-18 03:20:27,584773.0,584823.0
2020-03-18 03:20:28,584801.0,585093.0
2020-03-18 03:20:29,584801.0,585093.0
2020-03-18 03:20:30,584463.0,584859.0
2020-03-18 03:20:31,584463.0,584859.0
2020-03-18 03:20:32,584274.0,584496.0
2020-03-18 03:20:33,584274.0,584496.0
2020-03-18 03:20:34,584274.0,584446.0
2020-03-18 03:20:35,584274.0,584446.0
2020-03-18 03:20:36,584315.0,584736.0
2020-03-18 03:20:38,584315.0,584736.0
2020-03-18 03:20:39,584300.0,584503.0
2020-03-18 03:20:40,584300.0,584503.0
2020-03-18 03:20:41,584300.0,584503.0
2020-03-18 03:20:42,584300.0,584503.0
2020-03-18 03:20:43,584322.0,584520.0
2020-03-18 03:20:44,584322.0,584520.0
2020-03-18 03:20:45,584217.0,584726.0
2020-03-18 03:20:46,584217.0,584726.0
2020-03-18 03:20:47,584395.0,584721.0
2020-03-18 03:20:48,584395.0,584721.0
2020-03-18 03:20:49,584385.0,584458.0
2020-03-18 03:20:50,584385.0,584458.0
2020-03-18 03:20:51,584500.0,584860.0
2020-03-18 03:20:53,584500.0,584860.0
2020-03-18 03:20:54,584500.0,584860.0
2020-03-18 03:20:55,584500.0,584860.0
2020-03-18 03:20:56,584500.0,584995.0
2020-03-18 03:20:57,584500.0,584995.0
2020-03-18 03:20:58,584515.0,584913.0
2020-03-18 03:20:59,584515.0,584913.0
2020-03-18 03:21:00,584726.0,585092.0
2020-03-18 03:21:01,584726.0,585042.0
2020-03-18 03:21:02,584726.0,585042.0
2020-03-18 03:21:03,584735.0,584883.0
2020-03-18 03:21:04,584735.0,584883.0
2020-03-18 03:21:05,584772.0,584883.0
2020-03-18 03:21:06,584772.0,584883.0
2020-03-18 03:21:08,584772.0,585247.0
2020-03-18 03:21:09,584772.0,585247.0
2020-03-18 03:21:10,584772.0,585246.0
2020-03-18 03:21:11,584772.0,585246.0
2020-03-18 03:21:12,584772.0,585241.0
2020-03-18 03:21:13,584772.0,585241.0
2020-03-18 03:21:14,584587.0,584739.0
2020-03-18 03:21:15,584587.0,584739.0
2020-03-18 03:21:16,584323.0,584695.0
2020-03-18 03:21:17,584323.0,584695.0
2020-03-18 03:21:18,584129.0,584134.0
2020-03-18 03:21:19,584129.0,584134.0
2020-03-18 03:21:20,584121.0,584135.0
2020-03-18 03:21:21,584121.0,584135.0
2020-03-18 03:21:22,583760.0,583870.0
2020-03-18 03:21:24,583760.0,583870.0
2020-03-18 03:21:25,583563.0,583870.0
2020-03-18 03:21:26,583563.0,583870.0
2020-03-18 03:21:27,583701.0,583850.0
2020-03-18 03:21:28,583701.0,583850.0
2020-03-18 03:21:29,583619.0,584069.0
2020-03-18 03:21:30,583619.0,584069.0
2020-03-18 03:21:32,583865.0,584008.0
2020-03-18 03:21:33,583865.0,584008.0
2020-03-18 03:21:34,583794.0,584005.0
2020-03-18 03:21:35,583794.0,584005.0
2020-03-18 03:21:36,583794.0,583825.0
2020-03-18 03:21:37,583794.0,583825.0
2020-03-18 03:21:38,583811.0,584005.0
2020-03-18 03:21:39,583811.0,584005.0
2020-03-18 03:21:40,583466.0,583982.0
2020-03-18 03:21:41,583466.0,583982.0
2020-03-18 03:21:42,583534.0,583722.0
2020-03-18 03:21:43,583534.0,583722.0
2020-03-18 03:21:44,583588.0,583916.0
2020-03-18 03:21:45,583588.0,583916.0
2020-03-18 03:21:46,583544.0,583766.0
2020-03-18 03:21:47,583544.0,583766.0
2020-03-18 03:21:49,583337.0,583738.0
2020-03-18 03:21:50,582917.0,583162.0
2020-03-18 03:21:51,582917.0,583162.0
2020-03-18 03:21:52,583396.0,583465.0
2020-03-18 03:21:53,583396.0,583465.0
2020-03-18 03:21:54,583413.0,583456.0
2020-03-18 03:21:55,583413.0,583456.0
2020-03-18 03:21:56,583187.0,583298.0
2020-03-18 03:21:57,583187.0,583298.0
2020-03-18 03:21:58,582821.0,583339.0
2020-03-18 03:21:59,582821.0,583339.0
2020-03-18 03:22:00,582887.0,583272.0
2020-03-18 03:22:01,582887.0,583272.0
2020-03-18 03:22:03,582982.0,583163.0
2020-03-18 03:22:04,582982.0,583163.0
2020-03-18 03:22:05,582851.0,582941.0
2020-03-18 03:22:06,582851.0,582941.0
2020-03-18 03:22:07,582877.0,583308.0
2020-03-18 03:22:08,582877.0,583308.0
2020-03-18 03:22:09,582660.0,583306.0
2020-03-18 03:22:10,582660.0,583306.0
2020-03-18 03:22:11,582946.0,583003.0
2020-03-18 03:22:12,582946.0,583003.0
2020-03-18 03:22:13,582510.0,582821.0
2020-03-18 03:22:14,582510.0,582821.0
2020-03-18 03:22:15,582033.0,582201.0
2020-03-18 03:22:16,582033.0,582201.0
2020-03-18 03:22:18,582177.0,582256.0
2020-03-18 03:22:19,582177.0,582256.0
2020-03-18 03:22:20,582059.0,582169.0
2020-03-18 03:22:21,582059.0,582169.0
2020-03-18 03:22:22,581994.0,582154.0
2020-03-18 03:22:23,581994.0,582154.0
2020-03-18 03:22:24,582199.0,582609.0
2020-03-18 03:22:25,582365.0,582523.0
2020-03-18 03:22:26,582365.0,582523.0
2020-03-18 03:22:28,582335.0,582418.0
2020-03-18 03:22:29,582335.0,582418.0
2020-03-18 03:22:30,582174.0,582365.0
2020-03-18 03:22:31,582174.0,582365.0
2020-03-18 03:22:32,582182.0,582417.0
2020-03-18 03:22:33,582182.0,582417.0
2020-03-18 03:22:34,582182.0,582412.0
2020-03-18 03:22:35,582182.0,582412.0
2020-03-18 03:22:36,582375.0,582416.0
2020-03-18 03:22:37,582375.0,582416.0
2020-03-18 03:22:38,582343.0,582387.0
2020-03-18 03:22:39,582343.0,582387.0
2020-03-18 03:22:40,581890.0,582285.0
2020-03-18 03:22:42,581890.0,582285.0
2020-03-18 03:22:43,581890.0,582210.0
2020-03-18 03:22:44,581890.0,582210.0
2020-03-18 03:22:45,581792.0,581845.0
2020-03-18 03:22:46,581792.0,581845.0
2020-03-18 03:22:47,581769.0,582140.0
2020-03-18 03:22:48,581769.0,582140.0
2020-03-18 03:22:49,581459.0,581468.0
2020-03-18 03:22:50,581459.0,581468.0
2020-03-18 03:22:51,581460.0,581485.0
2020-03-18 03:22:52,581460.0,581485.0
2020-03-18 03:22:53,581250.0,581325.0
2020-03-18 03:22:54,581250.0,581325.0
2020-03-18 03:22:55,581144.0,581467.0
2020-03-18 03:22:57,581144.0,581467.0
2020-03-18 03:22:58,581419.0,581608.0
2020-03-18 03:22:59,581419.0,581608.0
2020-03-18 03:23:00,581987.0,582435.0
2020-03-18 03:23:01,582033.0,582436.0
2020-03-18 03:23:02,582033.0,582436.0
2020-03-18 03:23:04,582034.0,582447.0
2020-03-18 03:23:05,582034.0,582447.0
2020-03-18 03:23:06,581749.0,582025.0
2020-03-18 03:23:07,581749.0,582025.0
2020-03-18 03:23:08,581440.0,581522.0
2020-03-18 03:23:09,581440.0,581522.0
2020-03-18 03:23:10,581040.0,581409.0
2020-03-18 03:23:11,581040.0,581409.0
2020-03-18 03:23:12,581040.0,581273.0
2020-03-18 03:23:14,581040.0,581273.0
2020-03-18 03:23:15,580845.0,580852.0
2020-03-18 03:23:16,580845.0,580852.0
2020-03-18 03:23:17,580895.0,581157.0
2020-03-18 03:23:18,580895.0,581157.0
2020-03-18 03:23:19,581220.0,581674.0
2020-03-18 03:23:20,581277.0,581681.0
2020-03-18 03:23:21,581277.0,581681.0
2020-03-18 03:23:22,581480.0,581979.0
2020-03-18 03:23:23,581480.0,581979.0
2020-03-18 03:23:24,581542.0,581750.0
2020-03-18 03:23:25,581542.0,581750.0
2020-03-18 03:23:26,581523.0,581720.0
2020-03-18 03:23:27,581523.0,581720.0
2020-03-18 03:23:28,581573.0,581883.0
2020-03-18 03:23:30,581573.0,581883.0
2020-03-18 03:23:31,581524.0,581685.0
2020-03-18 03:23:32,581524.0,581685.0
2020-03-18 03:23:33,581562.0,581738.0
2020-03-18 03:23:34,581562.0,581738.0
2020-03-18 03:23:35,581743.0,582037.0
2020-03-18 03:23:36,581743.0,582037.0
2020-03-18 03:23:37,581580.0,581724.0
2020-03-18 03:23:38,581580.0,581724.0
2020-03-18 03:23:39,581519.0,581661.0
2020-03-18 03:23:40,581519.0,581661.0
2020-03-18 03:23:41,581445.0,581645.0
2020-03-18 03:23:42,581445.0,581645.0
2020-03-18 03:23:43,581444.0,581595.0
2020-03-18 03:23:44,581444.0,581595.0
2020-03-18 03:23:45,581513.0,581701.0
2020-03-18 03:23:46,581513.0,581701.0
2020-03-18 03:23:48,581841.0,582073.0
2020-03-18 03:23:49,581841.0,582073.0
2020-03-18 03:23:50,581983.0,582009.0
2020-03-18 03:23:51,581983.0,582009.0
2020-03-18 03:23:52,581983.0,582059.0
2020-03-18 03:23:53,581983.0,582059.0
2020-03-18 03:23:54,582015.0,582165.0
2020-03-18 03:23:55,582015.0,582165.0
2020-03-18 03:23:56,581865.0,582099.0
2020-03-18 03:23:57,581865.0,582099.0
2020-03-18 03:23:58,582079.0,582475.0
2020-03-18 03:23:59,582079.0,582475.0
2020-03-18 03:24:00,582091.0,582481.0
2020-03-18 03:24:01,582091.0,582481.0
2020-03-18 03:24:02,582033.0,582090.0
2020-03-18 03:24:03,582033.0,582090.0
2020-03-18 03:24:05,581946.0,582030.0
2020-03-18 03:24:06,581946.0,582030.0
2020-03-18 03:24:07,581905.0,582030.0
2020-03-18 03:24:08,581905.0,582030.0
2020-03-18 03:24:09,581905.0,582037.0
2020-03-18 03:24:10,581905.0,582037.0
2020-03-18 03:24:11,581905.0,582377.0
2020-03-18 03:24:12,581905.0,582377.0
2020-03-18 03:24:13,581905.0,582377.0
2020-03-18 03:24:14,581905.0,582377.0
2020-03-18 03:24:15,581734.0,581816.0
2020-03-18 03:24:16,581734.0,581816.0
2020-03-18 03:24:17,581972.0,582257.0
2020-03-18 03:24:18,581972.0,582257.0
2020-03-18 03:24:19,581972.0,582252.0
2020-03-18 03:24:21,581972.0,582252.0
2020-03-18 03:24:22,581917.0,581947.0
2020-03-18 03:24:23,581917.0,581947.0
2020-03-18 03:24:24,581917.0,582251.0
2020-03-18 03:24:25,581917.0,582251.0
2020-03-18 03:24:26,581715.0,581746.0
2020-03-18 03:24:27,581715.0,581746.0
2020-03-18 03:24:28,581467.0,581677.0
2020-03-18 03:24:29,581467.0,581677.0
2020-03-18 03:24:30,581179.0,581376.0
2020-03-18 03:24:31,581179.0,581376.0
2020-03-18 03:24:32,581218.0,581325.0
2020-03-18 03:24:33,581218.0,581325.0
2020-03-18 03:24:34,580837.0,581448.0
2020-03-18 03:24:35,580837.0,581448.0
2020-03-18 03:24:36,580862.0,581199.0
2020-03-18 03:24:38,580862.0,581199.0
2020-03-18 03:24:39,580875.0,581189.0
2020-03-18 03:24:40,581057.0,581178.0
2020-03-18 03:24:41,581057.0,581178.0
2020-03-18 03:24:42,581063.0,581092.0
2020-03-18 03:24:43,581063.0,581092.0
2020-03-18 03:24:44,581172.0,581238.0
2020-03-18 03:24:45,581172.0,581238.0
2020-03-18 03:24:46,581172.0,581317.0
2020-03-18 03:24:47,581172.0,581317.0
2020-03-18 03:24:48,581172.0,581317.0
2020-03-18 03:24:49,581172.0,581317.0
2020-03-18 03:24:50,581172.0,581289.0
2020-03-18 03:24:51,581172.0,581289.0
2020-03-18 03:24:52,581274.0,581521.0
2020-03-18 03:24:53,581274.0,581521.0
2020-03-18 03:24:54,581297.0,581516.0
2020-03-18 03:24:56,581297.0,581516.0
2020-03-18 03:24:57,581512.0,581589.0
2020-03-18 03:24:58,581512.0,581589.0
2020-03-18 03:24:59,581740.0,581834.0
2020-03-18 03:25:00,581740.0,581834.0
2020-03-18 03:25:01,581863.0,581954.0
2020-03-18 03:25:02,581863.0,581954.0
2020-03-18 03:25:03,581915.0,582055.0
2020-03-18 03:25:04,581915.0,582055.0
2020-03-18 03:25:05,581764.0,582054.0
2020-03-18 03:25:06,581764.0,582054.0
2020-03-18 03:25:07,581764.0,581989.0
2020-03-18 03:25:08,581764.0,581989.0
2020-03-18 03:25:09,581556.0,581581.0
2020-03-18 03:25:10,581556.0,581581.0
2020-03-18 03:25:12,581488.0,581518.0
2020-03-18 03:25:13,581488.0,581518.0
2020-03-18 03:25:14,581488.0,581514.0
2020-03-18 03:25:15,581488.0,581514.0
2020-03-18 03:25:16,581488.0,581518.0
2020-03-18 03:25:17,581488.0,581518.0
2020-03-18 03:25:18,581587.0,581674.0
2020-03-18 03:25:19,581587.0,581674.0
2020-03-18 03:25:20,581273.0,581400.0
2020-03-18 03:25:21,581273.0,581400.0
2020-03-18 03:25:22,581201.0,581278.0
2020-03-18 03:25:23,581201.0,581278.0
2020-03-18 03:25:24,581099.0,581105.0
2020-03-18 03:25:25,581099.0,581105.0
2020-03-18 03:25:27,580710.0,581038.0
2020-03-18 03:25:28,580710.0,581038.0
2020-03-18 03:25:29,580420.0,580627.0
2020-03-18 03:25:30,580420.0,580627.0
2020-03-18 03:25:31,581076.0,581377.0
2020-03-18 03:25:32,581076.0,581377.0
2020-03-18 03:25:33,581076.0,581296.0
2020-03-18 03:25:34,581076.0,581296.0
2020-03-18 03:25:35,581192.0,581503.0
2020-03-18 03:25:36,581192.0,581503.0
2020-03-18 03:25:37,581335.0,581502.0
2020-03-18 03:25:38,581335.0,581502.0
2020-03-18 03:25:39,581624.0,581656.0
2020-03-18 03:25:40,581624.0,581656.0
2020-03-18 03:25:42,581693.0,581877.0
2020-03-18 03:25:43,581693.0,581877.0
2020-03-18 03:25:44,581772.0,581969.0
2020-03-18 03:25:45,582270.0,582351.0
2020-03-18 03:25:46,582270.0,582351.0
2020-03-18 03:25:48,582331.0,582356.0
2020-03-18 03:25:49,582331.0,582356.0
2020-03-18 03:25:50,582540.0,582778.0
2020-03-18 03:25:51,582540.0,582778.0
2020-03-18 03:25:52,582972.0,583077.0
2020-03-18 03:25:53,582972.0,583077.0
2020-03-18 03:25:54,582972.0,583180.0
2020-03-18 03:25:55,582865.0,583100.0
2020-03-18 03:25:56,582865.0,583100.0
2020-03-18 03:25:57,582889.0,583100.0
2020-03-18 03:25:58,582889.0,583100.0
2020-03-18 03:25:59,582790.0,582849.0
2020-03-18 03:26:01,582790.0,582849.0
2020-03-18 03:26:02,582866.0,582970.0
2020-03-18 03:26:03,582866.0,582970.0
2020-03-18 03:26:04,583561.0,583687.0
2020-03-18 03:26:05,583561.0,583687.0
2020-03-18 03:26:06,583594.0,583846.0
2020-03-18 03:26:07,583594.0,583846.0
2020-03-18 03:26:08,583455.0,583524.0
2020-03-18 03:26:09,583455.0,583524.0
2020-03-18 03:26:10,583455.0,583524.0
2020-03-18 03:26:11,583455.0,583524.0
2020-03-18 03:26:12,583206.0,583429.0
2020-03-18 03:26:13,583206.0,583429.0
2020-03-18 03:26:14,583405.0,583800.0
2020-03-18 03:26:15,583405.0,583800.0
2020-03-18 03:26:16,583252.0,583736.0
2020-03-18 03:26:18,583252.0,583736.0
2020-03-18 03:26:19,583325.0,583676.0
2020-03-18 03:26:20,583325.0,583676.0
2020-03-18 03:26:21,583326.0,583662.0
2020-03-18 03:26:22,583326.0,583662.0
2020-03-18 03:26:23,583186.0,583613.0
2020-03-18 03:26:24,583186.0,583613.0
2020-03-18 03:26:25,582876.0,583177.0
2020-03-18 03:26:26,582876.0,583177.0
2020-03-18 03:26:27,582967.0,583353.0
2020-03-18 03:26:28,582967.0,583353.0
2020-03-18 03:26:29,583333.0,583475.0
2020-03-18 03:26:30,583333.0,583475.0
2020-03-18 03:26:31,584341.0,584406.0
2020-03-18 03:26:33,584341.0,584406.0
2020-03-18 03:26:34,584355.0,584439.0
2020-03-18 03:26:35,584355.0,584439.0
2020-03-18 03:26:36,583950.0,584178.0
2020-03-18 03:26:37,583950.0,584178.0
2020-03-18 03:26:38,584501.0,584620.0
2020-03-18 03:26:39,584501.0,584620.0
2020-03-18 03:26:40,584594.0,584815.0
2020-03-18 03:26:41,584594.0,584815.0
2020-03-18 03:26:42,584569.0,584771.0
2020-03-18 03:26:43,584569.0,584771.0
2020-03-18 03:26:44,584296.0,584471.0
2020-03-18 03:26:45,584296.0,584471.0
2020-03-18 03:26:46,583962.0,584238.0
2020-03-18 03:26:47,583962.0,584238.0
2020-03-18 03:26:48,583994.0,584174.0
2020-03-18 03:26:50,583994.0,584174.0
2020-03-18 03:26:51,584013.0,584272.0
2020-03-18 03:26:52,584013.0,584272.0
2020-03-18 03:26:53,584460.0,584589.0
2020-03-18 03:26:54,584460.0,584589.0
2020-03-18 03:26:55,584547.0,584703.0
2020-03-18 03:26:56,584547.0,584703.0
2020-03-18 03:26:57,584317.0,584751.0
2020-03-18 03:26:58,584317.0,584751.0
2020-03-18 03:26:59,584575.0,584681.0
2020-03-18 03:27:00,583883.0,584333.0
2020-03-18 03:27:02,583883.0,584333.0
2020-03-18 03:27:03,583888.0,584329.0
2020-03-18 03:27:04,583888.0,584329.0
2020-03-18 03:27:05,583869.0,584050.0
2020-03-18 03:27:06,583869.0,584050.0
2020-03-18 03:27:07,584105.0,584329.0
2020-03-18 03:27:08,584105.0,584329.0
2020-03-18 03:27:09,584152.0,584329.0
2020-03-18 03:27:10,584152.0,584329.0
2020-03-18 03:27:11,584169.0,584568.0
2020-03-18 03:27:12,584169.0,584568.0
2020-03-18 03:27:13,584379.0,584556.0
2020-03-18 03:27:14,584379.0,584556.0
2020-03-18 03:27:16,584379.0,584609.0
2020-03-18 03:27:17,584379.0,584609.0
2020-03-18 03:27:18,584503.0,584649.0
2020-03-18 03:27:19,584503.0,584649.0
2020-03-18 03:27:20,584576.0,584820.0
2020-03-18 03:27:21,584576.0,584820.0
2020-03-18 03:27:22,584459.0,584770.0
2020-03-18 03:27:23,584459.0,584770.0
2020-03-18 03:27:24,584495.0,584761.0
2020-03-18 03:27:25,584495.0,584761.0
2020-03-18 03:27:26,585048.0,585124.0
2020-03-18 03:27:27,585048.0,585124.0
2020-03-18 03:27:28,584932.0,585297.0
2020-03-18 03:27:29,584932.0,585297.0
2020-03-18 03:27:30,584931.0,584985.0
2020-03-18 03:27:31,584931.0,584985.0
2020-03-18 03:27:33,584755.0,584775.0
2020-03-18 03:27:34,584755.0,584775.0
2020-03-18 03:27:35,584739.0,585139.0
2020-03-18 03:27:36,584739.0,585139.0
2020-03-18 03:27:37,584351.0,584958.0
2020-03-18 03:27:38,584351.0,584958.0
2020-03-18 03:27:39,584415.0,584697.0
2020-03-18 03:27:40,584415.0,584697.0
2020-03-18 03:27:41,584255.0,584443.0
2020-03-18 03:27:42,584255.0,584443.0
2020-03-18 03:27:43,584255.0,584443.0
2020-03-18 03:27:44,584255.0,584443.0
2020-03-18 03:27:45,584367.0,584585.0
2020-03-18 03:27:46,584367.0,584585.0
2020-03-18 03:27:47,584192.0,584585.0
2020-03-18 03:27:49,584192.0,584585.0
2020-03-18 03:27:50,584181.0,584301.0
2020-03-18 03:27:51,584181.0,584301.0
2020-03-18 03:27:52,584190.0,584301.0
2020-03-18 03:27:53,584190.0,584301.0
2020-03-18 03:27:54,583915.0,584290.0
2020-03-18 03:27:55,583915.0,584290.0
2020-03-18 03:27:56,583915.0,584043.0
2020-03-18 03:27:57,583915.0,584043.0
2020-03-18 03:27:58,583820.0,584073.0
2020-03-18 03:27:59,583820.0,584073.0
2020-03-18 03:28:00,583732.0,584012.0
2020-03-18 03:28:01,583732.0,584012.0
2020-03-18 03:28:02,583732.0,583915.0
2020-03-18 03:28:03,583732.0,583915.0
2020-03-18 03:28:04,583697.0,584011.0
2020-03-18 03:28:06,583697.0,584011.0
2020-03-18 03:28:07,583533.0,583663.0
2020-03-18 03:28:08,583533.0,583663.0
2020-03-18 03:28:09,583583.0,583623.0
2020-03-18 03:28:10,583583.0,583623.0
2020-03-18 03:28:11,583349.0,583605.0
2020-03-18 03:28:12,583349.0,583605.0
2020-03-18 03:28:13,583578.0,583799.0
2020-03-18 03:28:14,583578.0,583799.0
2020-03-18 03:28:15,583443.0,583774.0
2020-03-18 03:28:16,583443.0,583774.0
2020-03-18 03:28:17,583448.0,583748.0
2020-03-18 03:28:18,583448.0,583748.0
2020-03-18 03:28:19,583349.0,583779.0
2020-03-18 03:28:20,583349.0,583779.0
2020-03-18 03:28:21,583359.0,583685.0
2020-03-18 03:28:23,583359.0,583685.0
2020-03-18 03:28:24,583354.0,583635.0
2020-03-18 03:28:25,583354.0,583635.0
2020-03-18 03:28:26,583374.0,583543.0
2020-03-18 03:28:27,583374.0,583543.0
2020-03-18 03:28:28,583374.0,583543.0
2020-03-18 03:28:29,583374.0,583543.0
2020-03-18 03:28:30,583830.0,584335.0
2020-03-18 03:28:31,583830.0,584335.0
2020-03-18 03:28:32,583830.0,584239.0
2020-03-18 03:28:33,583830.0,584239.0
2020-03-18 03:28:34,583830.0,584239.0
2020-03-18 03:28:35,583830.0,584239.0
2020-03-18 03:28:36,584124.0,584437.0
2020-03-18 03:28:37,584124.0,584437.0
2020-03-18 03:28:38,584213.0,584437.0
2020-03-18 03:28:40,584288.0,584655.0
2020-03-18 03:28:41,584288.0,584655.0
2020-03-18 03:28:42,584314.0,584655.0
2020-03-18 03:28:43,584314.0,584655.0
2020-03-18 03:28:44,584495.0,584775.0
2020-03-18 03:28:45,584495.0,584775.0
2020-03-18 03:28:46,584786.0,585127.0
2020-03-18 03:28:47,584786.0,585127.0
2020-03-18 03:28:48,584818.0,585086.0
2020-03-18 03:28:49,584818.0,585086.0
2020-03-18 03:28:50,584871.0,584970.0
2020-03-18 03:28:51,584871.0,584970.0
2020-03-18 03:28:52,584675.0,584754.0
2020-03-18 03:28:54,584675.0,584754.0
2020-03-18 03:28:55,584726.0,584837.0
2020-03-18 03:28:56,584726.0,584837.0
2020-03-18 03:28:57,584726.0,584832.0
2020-03-18 03:28:58,584726.0,584832.0
2020-03-18 03:28:59,584457.0,584675.0
2020-03-18 03:29:00,584457.0,584675.0
2020-03-18 03:29:01,584138.0,584231.0
2020-03-18 03:29:03,584231.0,584477.0
2020-03-18 03:29:04,584231.0,584477.0
2020-03-18 03:29:05,584290.0,584390.0
2020-03-18 03:29:06,584290.0,584390.0
2020-03-18 03:29:07,584449.0,584496.0
2020-03-18 03:29:08,584449.0,584496.0
2020-03-18 03:29:09,584293.0,584493.0
2020-03-18 03:29:10,584293.0,584493.0
2020-03-18 03:29:11,584293.0,584363.0
2020-03-18 03:29:12,584293.0,584363.0
2020-03-18 03:29:13,584290.0,584354.0
2020-03-18 03:29:14,584290.0,584354.0
2020-03-18 03:29:15,584290.0,584481.0
2020-03-18 03:29:16,584290.0,584481.0
2020-03-18 03:29:18,584399.0,584520.0
2020-03-18 03:29:19,584399.0,584520.0
2020-03-18 03:29:20,584532.0,584535.0
2020-03-18 03:29:21,584532.0,584535.0
2020-03-18 03:29:22,584510.0,584733.0
2020-03-18 03:29:23,584510.0,584733.0
2020-03-18 03:29:24,584510.0,584733.0
2020-03-18 03:29:25,584510.0,584733.0
2020-03-18 03:29:26,584732.0,584853.0
2020-03-18 03:29:27,584732.0,584853.0
2020-03-18 03:29:28,584836.0,585012.0
2020-03-18 03:29:29,584836.0,585012.0
2020-03-18 03:29:30,584723.0,584957.0
2020-03-18 03:29:31,584723.0,584957.0
2020-03-18 03:29:32,584693.0,584952.0
2020-03-18 03:29:34,584693.0,584952.0
2020-03-18 03:29:35,584547.0,584726.0
2020-03-18 03:29:36,584547.0,584726.0
2020-03-18 03:29:37,584500.0,584628.0
2020-03-18 03:29:38,584500.0,584628.0
2020-03-18 03:29:39,584500.0,584628.0
2020-03-18 03:29:40,584500.0,584628.0
2020-03-18 03:29:41,584500.0,584628.0
2020-03-18 03:29:42,584500.0,584628.0
2020-03-18 03:29:43,584285.0,584496.0
2020-03-18 03:29:44,584285.0,584496.0
2020-03-18 03:29:45,583925.0,584073.0
2020-03-18 03:29:46,583925.0,584073.0
2020-03-18 03:29:47,583838.0,583885.0
2020-03-18 03:29:48,583838.0,583885.0
2020-03-18 03:29:49,584163.0,584500.0
2020-03-18 03:29:51,584163.0,584500.0
2020-03-18 03:29:52,584171.0,584514.0
2020-03-18 03:29:53,584601.0,584764.0
2020-03-18 03:29:54,584601.0,584764.0
2020-03-18 03:29:55,584653.0,584698.0
2020-03-18 03:29:56,584653.0,584698.0
2020-03-18 03:29:57,584635.0,584697.0
2020-03-18 03:29:58,584635.0,584697.0
2020-03-18 03:29:59,584683.0,584697.0
2020-03-18 03:30:00,584683.0,584697.0
2020-03-18 03:30:01,584509.0,584678.0
2020-03-18 03:30:02,584509.0,584678.0
2020-03-18 03:30:04,584589.0,584641.0
2020-03-18 03:30:05,584589.0,584641.0
2020-03-18 03:30:06,584852.0,585078.0
2020-03-18 03:30:07,584671.0,585078.0
2020-03-18 03:30:08,584671.0,585078.0
2020-03-18 03:30:09,584671.0,585078.0
2020-03-18 03:30:11,584671.0,585078.0
2020-03-18 03:30:12,584965.0,585226.0
2020-03-18 03:30:13,584965.0,585226.0
2020-03-18 03:30:14,584798.0,585159.0
2020-03-18 03:30:15,584798.0,585159.0
2020-03-18 03:30:16,585315.0,585467.0
2020-03-18 03:30:17,585315.0,585467.0
2020-03-18 03:30:18,585057.0,585122.0
2020-03-18 03:30:19,585057.0,585122.0
2020-03-18 03:30:20,585114.0,585298.0
2020-03-18 03:30:21,585114.0,585298.0
2020-03-18 03:30:22,585114.0,585298.0
2020-03-18 03:30:23,585114.0,585298.0
2020-03-18 03:30:24,585216.0,585298.0
2020-03-18 03:30:26,585216.0,585298.0
2020-03-18 03:30:27,585120.0,585227.0
2020-03-18 03:30:28,585120.0,585227.0
2020-03-18 03:30:29,585173.0,585227.0
2020-03-18 03:30:30,585173.0,585227.0
2020-03-18 03:30:31,585173.0,585227.0
2020-03-18 03:30:32,585173.0,585227.0
2020-03-18 03:30:33,585341.0,585690.0
2020-03-18 03:30:34,585341.0,585690.0
2020-03-18 03:30:35,585795.0,585879.0
2020-03-18 03:30:36,585795.0,585879.0
2020-03-18 03:30:37,585833.0,585877.0
2020-03-18 03:30:38,585833.0,585877.0
2020-03-18 03:30:39,585781.0,585959.0
2020-03-18 03:30:40,585781.0,585959.0
2020-03-18 03:30:41,585926.0,585959.0
2020-03-18 03:30:43,585926.0,585959.0
2020-03-18 03:30:44,586124.0,586327.0
2020-03-18 03:30:45,586124.0,586327.0
2020-03-18 03:30:46,586181.0,586312.0
2020-03-18 03:30:47,586181.0,586312.0
2020-03-18 03:30:48,586233.0,586360.0
2020-03-18 03:30:49,586233.0,586360.0
2020-03-18 03:30:50,586064.0,586314.0
2020-03-18 03:30:51,586502.0,586592.0
2020-03-18 03:30:52,586502.0,586592.0
2020-03-18 03:30:53,586162.0,586385.0
2020-03-18 03:30:54,586162.0,586385.0
2020-03-18 03:30:55,585817.0,586352.0
2020-03-18 03:30:56,585817.0,586352.0
2020-03-18 03:30:58,585845.0,586090.0
2020-03-18 03:30:59,585845.0,586090.0
2020-03-18 03:31:00,585895.0,586061.0
2020-03-18 03:31:01,585895.0,586061.0
2020-03-18 03:31:02,587386.0,587609.0
2020-03-18 03:31:03,587386.0,587609.0
2020-03-18 03:31:05,587376.0,587649.0
2020-03-18 03:31:06,587376.0,587649.0
2020-03-18 03:31:07,587341.0,587648.0
2020-03-18 03:31:08,587308.0,588000.0
2020-03-18 03:31:09,587308.0,588000.0
2020-03-18 03:31:10,587228.0,587719.0
2020-03-18 03:31:11,587228.0,587719.0
2020-03-18 03:31:12,587373.0,587577.0
2020-03-18 03:31:13,587373.0,587577.0
2020-03-18 03:31:14,586917.0,587300.0
2020-03-18 03:31:16,586917.0,587300.0
2020-03-18 03:31:17,586740.0,587253.0
2020-03-18 03:31:18,586740.0,587253.0
2020-03-18 03:31:19,586349.0,586398.0
2020-03-18 03:31:20,586349.0,586398.0
2020-03-18 03:31:21,586199.0,586512.0
2020-03-18 03:31:22,586199.0,586512.0
2020-03-18 03:31:23,586200.0,586513.0
2020-03-18 03:31:25,586427.0,586609.0
2020-03-18 03:31:26,586427.0,586609.0
2020-03-18 03:31:27,585994.0,586053.0
2020-03-18 03:31:28,585994.0,586053.0
2020-03-18 03:31:29,586175.0,586213.0
2020-03-18 03:31:30,586175.0,586213.0
2020-03-18 03:31:31,585576.0,586254.0
2020-03-18 03:31:32,585576.0,586254.0
2020-03-18 03:31:33,586313.0,586358.0
2020-03-18 03:31:34,586313.0,586358.0
2020-03-18 03:31:35,586211.0,586734.0
2020-03-18 03:31:36,586211.0,586734.0
2020-03-18 03:31:37,586212.0,586656.0
2020-03-18 03:31:39,586212.0,586656.0
2020-03-18 03:31:40,586865.0,587120.0
2020-03-18 03:31:41,586865.0,587120.0
2020-03-18 03:31:42,586299.0,586500.0
2020-03-18 03:31:43,586694.0,586700.0
2020-03-18 03:31:45,586694.0,586700.0
2020-03-18 03:31:46,586999.0,587113.0
2020-03-18 03:31:47,586999.0,587113.0
2020-03-18 03:31:48,586745.0,586762.0
2020-03-18 03:31:49,586745.0,586762.0
2020-03-18 03:31:50,586740.0,587030.0
2020-03-18 03:31:51,586740.0,587030.0
2020-03-18 03:31:52,586718.0,586979.0
2020-03-18 03:31:53,586718.0,586979.0
2020-03-18 03:31:54,586765.0,587031.0
2020-03-18 03:31:55,586765.0,587031.0
2020-03-18 03:31:56,586062.0,586500.0
2020-03-18 03:31:57,586062.0,586500.0
2020-03-18 03:31:58,586148.0,586581.0
2020-03-18 03:32:00,586148.0,586581.0
2020-03-18 03:32:01,585996.0,586527.0
2020-03-18 03:32:02,585996.0,586527.0
2020-03-18 03:32:03,586082.0,586360.0
2020-03-18 03:32:04,586082.0,586360.0
2020-03-18 03:32:05,585567.0,585851.0
2020-03-18 03:32:06,585374.0,585665.0
2020-03-18 03:32:08,585374.0,585665.0
2020-03-18 03:32:09,585446.0,585635.0
2020-03-18 03:32:10,585446.0,585635.0
2020-03-18 03:32:11,585446.0,585635.0
2020-03-18 03:32:12,585446.0,585635.0
2020-03-18 03:32:13,585291.0,585392.0
2020-03-18 03:32:14,585291.0,585392.0
2020-03-18 03:32:15,585886.0,585913.0
2020-03-18 03:32:16,585886.0,585913.0
2020-03-18 03:32:17,585743.0,585871.0
2020-03-18 03:32:18,585743.0,585871.0
2020-03-18 03:32:19,585985.0,586077.0
2020-03-18 03:32:21,585985.0,586077.0
2020-03-18 03:32:22,586063.0,586469.0
2020-03-18 03:32:23,586063.0,586469.0
2020-03-18 03:32:24,585982.0,586102.0
2020-03-18 03:32:25,585982.0,586102.0
2020-03-18 03:32:26,586033.0,586040.0
2020-03-18 03:32:27,586033.0,586040.0
2020-03-18 03:32:28,585543.0,586038.0
2020-03-18 03:32:29,585543.0,586038.0
2020-03-18 03:32:30,585580.0,586037.0
2020-03-18 03:32:32,585580.0,586037.0
2020-03-18 03:32:33,586213.0,586239.0
2020-03-18 03:32:34,586213.0,586239.0
2020-03-18 03:32:35,586301.0,586800.0
2020-03-18 03:32:36,586301.0,586800.0
2020-03-18 03:32:37,586439.0,586762.0
2020-03-18 03:32:38,586512.0,586523.0
2020-03-18 03:32:39,586512.0,586523.0
2020-03-18 03:32:40,586532.0,586881.0
2020-03-18 03:32:41,586532.0,586881.0
2020-03-18 03:32:42,586640.0,586881.0
2020-03-18 03:32:43,586640.0,586881.0
2020-03-18 03:32:44,587095.0,587328.0
2020-03-18 03:32:45,587095.0,587328.0
2020-03-18 03:32:47,587210.0,587380.0
2020-03-18 03:32:48,587210.0,587380.0
2020-03-18 03:32:49,587893.0,588350.0
2020-03-18 03:32:50,587893.0,588350.0
2020-03-18 03:32:51,587904.0,588322.0
2020-03-18 03:32:52,587904.0,588322.0
2020-03-18 03:32:53,588014.0,588235.0
2020-03-18 03:32:54,588014.0,588235.0
2020-03-18 03:32:55,588190.0,588424.0
2020-03-18 03:32:56,588190.0,588424.0
2020-03-18 03:32:57,588406.0,588424.0
2020-03-18 03:32:58,588406.0,588424.0
2020-03-18 03:32:59,586700.0,588015.0
2020-03-18 03:33:00,586700.0,588015.0
2020-03-18 03:33:01,587446.0,587500.0
2020-03-18 03:33:03,587446.0,587500.0
2020-03-18 03:33:04,587227.0,587519.0
2020-03-18 03:33:05,587227.0,587519.0
2020-03-18 03:33:06,587228.0,587519.0
2020-03-18 03:33:07,587228.0,587519.0
2020-03-18 03:33:08,587494.0,587519.0
2020-03-18 03:33:09,587506.0,587830.0
2020-03-18 03:33:11,587506.0,587830.0
2020-03-18 03:33:12,587150.0,587739.0
2020-03-18 03:33:13,587150.0,587739.0
2020-03-18 03:33:14,587202.0,587737.0
2020-03-18 03:33:15,587202.0,587737.0
2020-03-18 03:33:16,587002.0,587289.0
2020-03-18 03:33:17,587002.0,587289.0
2020-03-18 03:33:18,587344.0,587526.0
2020-03-18 03:33:19,587344.0,587526.0
2020-03-18 03:33:20,587351.0,587516.0
2020-03-18 03:33:21,587351.0,587516.0
2020-03-18 03:33:22,586914.0,587093.0
2020-03-18 03:33:23,586914.0,587093.0
2020-03-18 03:33:24,586937.0,587344.0
2020-03-18 03:33:25,586937.0,587344.0
2020-03-18 03:33:27,586937.0,587351.0
2020-03-18 03:33:28,586937.0,587351.0
2020-03-18 03:33:29,587117.0,587326.0
2020-03-18 03:33:30,587117.0,587326.0
2020-03-18 03:33:31,587117.0,587326.0
2020-03-18 03:33:32,587117.0,587326.0
2020-03-18 03:33:33,587348.0,587635.0
2020-03-18 03:33:34,587348.0,587635.0
2020-03-18 03:33:35,587383.0,587691.0
2020-03-18 03:33:36,587383.0,587691.0
2020-03-18 03:33:37,586799.0,587018.0
2020-03-18 03:33:38,586799.0,587018.0
2020-03-18 03:33:39,586799.0,586914.0
2020-03-18 03:33:40,586799.0,586914.0
2020-03-18 03:33:41,586753.0,586864.0
2020-03-18 03:33:43,586753.0,586864.0
2020-03-18 03:33:44,586464.0,586738.0
2020-03-18 03:33:45,586464.0,586738.0
2020-03-18 03:33:46,586566.0,586688.0
2020-03-18 03:33:47,586566.0,586688.0
2020-03-18 03:33:48,586706.0,586950.0
2020-03-18 03:33:49,586706.0,586950.0
2020-03-18 03:33:50,586792.0,586950.0
2020-03-18 03:33:51,586792.0,586950.0
2020-03-18 03:33:52,587000.0,587237.0
2020-03-18 03:33:54,587000.0,587237.0
2020-03-18 03:33:55,587000.0,587237.0
2020-03-18 03:33:56,587223.0,587267.0
2020-03-18 03:33:57,587223.0,587267.0
2020-03-18 03:33:58,586765.0,587295.0
2020-03-18 03:33:59,586765.0,587295.0
2020-03-18 03:34:00,587270.0,587732.0
2020-03-18 03:34:01,587270.0,587732.0
2020-03-18 03:34:02,587533.0,587810.0
2020-03-18 03:34:03,587533.0,587810.0
2020-03-18 03:34:04,587535.0,587936.0
2020-03-18 03:34:06,587535.0,587936.0
2020-03-18 03:34:07,587471.0,587883.0
2020-03-18 03:34:08,587471.0,587883.0
2020-03-18 03:34:09,587770.0,587834.0
2020-03-18 03:34:10,587770.0,587834.0
2020-03-18 03:34:11,587439.0,587766.0
2020-03-18 03:34:12,587439.0,587766.0
2020-03-18 03:34:13,586963.0,586973.0
2020-03-18 03:34:15,586971.0,587303.0
2020-03-18 03:34:16,586971.0,587303.0
2020-03-18 03:34:17,587016.0,587193.0
2020-03-18 03:34:18,587016.0,587193.0
2020-03-18 03:34:19,587228.0,587305.0
2020-03-18 03:34:20,587228.0,587305.0
2020-03-18 03:34:21,587229.0,587462.0
2020-03-18 03:34:22,587229.0,587462.0
2020-03-18 03:34:23,587547.0,587624.0
2020-03-18 03:34:25,587547.0,587624.0
2020-03-18 03:34:26,587245.0,587517.0
2020-03-18 03:34:27,587245.0,587517.0
2020-03-18 03:34:28,587250.0,587646.0
2020-03-18 03:34:29,587250.0,587646.0
2020-03-18 03:34:30,587252.0,587696.0
2020-03-18 03:34:31,587252.0,587696.0
2020-03-18 03:34:32,587252.0,587648.0
2020-03-18 03:34:33,587252.0,587387.0
2020-03-18 03:34:34,587252.0,587387.0
2020-03-18 03:34:35,587252.0,587292.0
2020-03-18 03:34:36,587252.0,587292.0
2020-03-18 03:34:37,587039.0,587287.0
2020-03-18 03:34:39,587039.0,587287.0
2020-03-18 03:34:40,587380.0,587676.0
2020-03-18 03:34:41,587380.0,587676.0
2020-03-18 03:34:42,587060.0,587676.0
2020-03-18 03:34:43,587060.0,587676.0
2020-03-18 03:34:44,587257.0,587429.0
2020-03-18 03:34:45,587257.0,587429.0
2020-03-18 03:34:46,587278.0,587723.0
2020-03-18 03:34:47,587278.0,587723.0
2020-03-18 03:34:48,587386.0,587723.0
2020-03-18 03:34:49,587386.0,587723.0
2020-03-18 03:34:50,586539.0,586777.0
2020-03-18 03:34:51,586539.0,586777.0
2020-03-18 03:34:52,586524.0,586783.0
2020-03-18 03:34:54,586524.0,586783.0
2020-03-18 03:34:55,586450.0,586928.0
2020-03-18 03:34:56,586450.0,586928.0
2020-03-18 03:34:57,586517.0,586785.0
2020-03-18 03:34:58,586517.0,586785.0
2020-03-18 03:34:59,586678.0,586785.0
2020-03-18 03:35:00,586678.0,586785.0
2020-03-18 03:35:01,586449.0,586701.0
2020-03-18 03:35:02,586449.0,586701.0
2020-03-18 03:35:03,586310.0,586351.0
2020-03-18 03:35:04,586310.0,586351.0
2020-03-18 03:35:05,585871.0,586002.0
2020-03-18 03:35:06,585871.0,586002.0
2020-03-18 03:35:07,586258.0,586796.0
2020-03-18 03:35:08,586258.0,586796.0
2020-03-18 03:35:10,586258.0,586555.0
2020-03-18 03:35:11,586258.0,586555.0
2020-03-18 03:35:12,586000.0,586115.0
2020-03-18 03:35:13,586000.0,586115.0
2020-03-18 03:35:14,586220.0,586349.0
2020-03-18 03:35:15,586220.0,586349.0
2020-03-18 03:35:16,586045.0,586066.0
2020-03-18 03:35:17,586045.0,586066.0
2020-03-18 03:35:18,586082.0,586271.0
2020-03-18 03:35:19,586529.0,586949.0
2020-03-18 03:35:20,586529.0,586948.0
2020-03-18 03:35:21,586530.0,586947.0
2020-03-18 03:35:22,586530.0,586947.0
2020-03-18 03:35:24,586500.0,586947.0
2020-03-18 03:35:25,586500.0,586947.0
2020-03-18 03:35:26,586584.0,586890.0
2020-03-18 03:35:27,586584.0,586890.0
2020-03-18 03:35:28,586955.0,587177.0
2020-03-18 03:35:29,586955.0,587177.0
2020-03-18 03:35:30,587139.0,587325.0
2020-03-18 03:35:31,587139.0,587325.0
2020-03-18 03:35:32,587208.0,587325.0
2020-03-18 03:35:33,587208.0,587325.0
2020-03-18 03:35:34,587014.0,587318.0
2020-03-18 03:35:35,587014.0,587318.0
2020-03-18 03:35:36,587425.0,587466.0
2020-03-18 03:35:37,587425.0,587466.0
2020-03-18 03:35:39,587430.0,587774.0
2020-03-18 03:35:40,587430.0,587774.0
2020-03-18 03:35:41,587470.0,587718.0
2020-03-18 03:35:43,587447.0,587818.0
2020-03-18 03:35:44,587447.0,587818.0
2020-03-18 03:35:45,587585.0,587625.0
2020-03-18 03:35:46,587585.0,587625.0
2020-03-18 03:35:47,587586.0,587674.0
2020-03-18 03:35:48,587586.0,587674.0
2020-03-18 03:35:49,587639.0,587932.0
2020-03-18 03:35:50,587639.0,587932.0
2020-03-18 03:35:51,587644.0,587971.0
2020-03-18 03:35:53,587644.0,587971.0
2020-03-18 03:35:54,587644.0,587971.0
2020-03-18 03:35:55,587644.0,587971.0
2020-03-18 03:35:56,588113.0,588150.0
2020-03-18 03:35:57,588113.0,588150.0
2020-03-18 03:35:58,587654.0,587811.0
2020-03-18 03:35:59,587654.0,587811.0
2020-03-18 03:36:00,587657.0,588099.0
2020-03-18 03:36:01,587657.0,588099.0
2020-03-18 03:36:02,587830.0,588098.0
2020-03-18 03:36:03,587830.0,588098.0
2020-03-18 03:36:04,587831.0,588132.0
2020-03-18 03:36:05,587831.0,588132.0
2020-03-18 03:36:06,587830.0,588177.0
2020-03-18 03:36:08,587830.0,588177.0
2020-03-18 03:36:09,587278.0,587739.0
2020-03-18 03:36:10,587274.0,587327.0
2020-03-18 03:36:12,587109.0,587230.0
2020-03-18 03:36:13,587109.0,587230.0
2020-03-18 03:36:14,586703.0,587163.0
2020-03-18 03:36:15,586703.0,587163.0
2020-03-18 03:36:16,586764.0,587071.0
2020-03-18 03:36:17,586764.0,587071.0
2020-03-18 03:36:18,586927.0,587096.0
2020-03-18 03:36:19,586927.0,587096.0
2020-03-18 03:36:21,586755.0,586788.0
2020-03-18 03:36:22,586755.0,586788.0
2020-03-18 03:36:23,586970.0,587217.0
2020-03-18 03:36:24,586970.0,587217.0
2020-03-18 03:36:25,586932.0,587231.0
2020-03-18 03:36:26,586932.0,587231.0
2020-03-18 03:36:27,587364.0,587752.0
2020-03-18 03:36:28,587364.0,587752.0
2020-03-18 03:36:29,587394.0,587632.0
2020-03-18 03:36:30,587394.0,587632.0
2020-03-18 03:36:31,587397.0,587581.0
2020-03-18 03:36:32,587397.0,587581.0
2020-03-18 03:36:33,587473.0,587579.0
2020-03-18 03:36:34,587473.0,587579.0
2020-03-18 03:36:35,587811.0,587882.0
2020-03-18 03:36:37,587811.0,587882.0
2020-03-18 03:36:38,587563.0,587624.0
2020-03-18 03:36:39,587624.0,587761.0
2020-03-18 03:36:40,587624.0,587761.0
2020-03-18 03:36:41,587984.0,588019.0
2020-03-18 03:36:42,587984.0,588019.0
2020-03-18 03:36:43,588043.0,588393.0
2020-03-18 03:36:44,588043.0,588393.0
2020-03-18 03:36:45,588023.0,588332.0
2020-03-18 03:36:47,588023.0,588332.0
2020-03-18 03:36:48,588013.0,588296.0
2020-03-18 03:36:49,588013.0,588296.0
2020-03-18 03:36:50,587517.0,587651.0
2020-03-18 03:36:51,587517.0,587651.0
2020-03-18 03:36:52,587522.0,587636.0
2020-03-18 03:36:53,587522.0,587636.0
2020-03-18 03:36:54,587529.0,587767.0
2020-03-18 03:36:55,587529.0,587767.0
2020-03-18 03:36:57,587608.0,588049.0
2020-03-18 03:36:58,587608.0,588049.0
2020-03-18 03:36:59,587669.0,587878.0
2020-03-18 03:37:00,587669.0,587878.0
2020-03-18 03:37:01,587687.0,587878.0
2020-03-18 03:37:02,587687.0,587878.0
2020-03-18 03:37:03,587763.0,587865.0
2020-03-18 03:37:04,587763.0,587865.0
2020-03-18 03:37:05,587611.0,587877.0
2020-03-18 03:37:06,587611.0,587877.0
2020-03-18 03:37:07,587666.0,587877.0
2020-03-18 03:37:08,587666.0,587877.0
2020-03-18 03:37:09,587679.0,588061.0
2020-03-18 03:37:10,587679.0,588061.0
2020-03-18 03:37:11,587732.0,587987.0
2020-03-18 03:37:12,587732.0,587987.0
2020-03-18 03:37:14,587121.0,587326.0
2020-03-18 03:37:15,587121.0,587326.0
2020-03-18 03:37:16,587473.0,587751.0
2020-03-18 03:37:17,587473.0,587751.0
2020-03-18 03:37:18,587277.0,587476.0
2020-03-18 03:37:19,587277.0,587476.0
2020-03-18 03:37:20,587298.0,587365.0
2020-03-18 03:37:21,587298.0,587365.0
2020-03-18 03:37:22,587349.0,587460.0
2020-03-18 03:37:23,587349.0,587460.0
2020-03-18 03:37:24,587350.0,587723.0
2020-03-18 03:37:25,587350.0,587723.0
2020-03-18 03:37:26,588066.0,588123.0
2020-03-18 03:37:27,588066.0,588123.0
2020-03-18 03:37:29,587858.0,588050.0
2020-03-18 03:37:30,587858.0,588050.0
2020-03-18 03:37:31,587925.0,588053.0
2020-03-18 03:37:32,587925.0,588053.0
2020-03-18 03:37:33,587919.0,588053.0
2020-03-18 03:37:34,587603.0,587873.0
2020-03-18 03:37:35,587603.0,587873.0
2020-03-18 03:37:36,587125.0,587720.0
2020-03-18 03:37:37,587125.0,587720.0
2020-03-18 03:37:38,587125.0,587360.0
2020-03-18 03:37:39,587125.0,587360.0
2020-03-18 03:37:40,587184.0,587454.0
2020-03-18 03:37:41,587184.0,587454.0
2020-03-18 03:37:43,587000.0,587047.0
2020-03-18 03:37:44,587000.0,587047.0
2020-03-18 03:37:45,586503.0,586782.0
2020-03-18 03:37:46,586503.0,586782.0
2020-03-18 03:37:47,586545.0,586913.0
2020-03-18 03:37:48,586545.0,586913.0
2020-03-18 03:37:49,586526.0,586656.0
2020-03-18 03:37:50,586526.0,586656.0
2020-03-18 03:37:51,586923.0,587008.0
2020-03-18 03:37:52,586923.0,587008.0
2020-03-18 03:37:53,587344.0,587741.0
2020-03-18 03:37:54,587344.0,587741.0
2020-03-18 03:37:55,587354.0,587605.0
2020-03-18 03:37:56,587354.0,587605.0
2020-03-18 03:37:57,587353.0,587370.0
2020-03-18 03:37:59,587353.0,587370.0
2020-03-18 03:38:00,587538.0,587660.0
2020-03-18 03:38:01,587538.0,587660.0
2020-03-18 03:38:02,587211.0,587382.0
2020-03-18 03:38:03,587211.0,587382.0
2020-03-18 03:38:04,587399.0,587669.0
2020-03-18 03:38:05,587399.0,587669.0
2020-03-18 03:38:06,587441.0,587669.0
2020-03-18 03:38:07,587441.0,587669.0
2020-03-18 03:38:08,587400.0,587765.0
2020-03-18 03:38:09,587400.0,587765.0
2020-03-18 03:38:10,587394.0,587696.0
2020-03-18 03:38:11,587394.0,587696.0
2020-03-18 03:38:12,587422.0,587696.0
2020-03-18 03:38:14,587422.0,587696.0
2020-03-18 03:38:15,587331.0,587436.0
2020-03-18 03:38:16,587331.0,587436.0
2020-03-18 03:38:17,586954.0,587336.0
2020-03-18 03:38:18,586954.0,587336.0
2020-03-18 03:38:19,586962.0,586987.0
2020-03-18 03:38:20,587058.0,587179.0
2020-03-18 03:38:21,587058.0,587179.0
2020-03-18 03:38:22,587030.0,587440.0
2020-03-18 03:38:23,587030.0,587440.0
2020-03-18 03:38:24,587054.0,587308.0
2020-03-18 03:38:25,587054.0,587308.0
2020-03-18 03:38:26,587000.0,587188.0
2020-03-18 03:38:27,587000.0,587188.0
2020-03-18 03:38:28,586907.0,587163.0
2020-03-18 03:38:30,586907.0,587163.0
2020-03-18 03:38:31,586420.0,587000.0
2020-03-18 03:38:32,586420.0,587000.0
2020-03-18 03:38:33,586425.0,586758.0
2020-03-18 03:38:34,586425.0,586758.0
2020-03-18 03:38:35,586372.0,586758.0
2020-03-18 03:38:36,586372.0,586758.0
2020-03-18 03:38:37,586427.0,586712.0
2020-03-18 03:38:38,586427.0,586712.0
2020-03-18 03:38:39,586134.0,586647.0
2020-03-18 03:38:40,586134.0,586647.0
2020-03-18 03:38:41,586205.0,586577.0
2020-03-18 03:38:42,586205.0,586577.0
2020-03-18 03:38:43,586734.0,587050.0
2020-03-18 03:38:44,586734.0,587050.0
2020-03-18 03:38:45,587095.0,587288.0
2020-03-18 03:38:47,587095.0,587288.0
2020-03-18 03:38:48,587100.0,587264.0
2020-03-18 03:38:49,587100.0,587264.0
2020-03-18 03:38:50,586887.0,587224.0
2020-03-18 03:38:51,586887.0,587224.0
2020-03-18 03:38:52,586912.0,587064.0
2020-03-18 03:38:53,586912.0,587064.0
2020-03-18 03:38:54,586495.0,586507.0
2020-03-18 03:38:55,586495.0,586507.0
2020-03-18 03:38:56,586495.0,586606.0
2020-03-18 03:38:57,586495.0,586606.0
2020-03-18 03:38:58,586189.0,586305.0
2020-03-18 03:38:59,586189.0,586305.0
2020-03-18 03:39:00,586495.0,586549.0
2020-03-18 03:39:02,586495.0,586549.0
2020-03-18 03:39:03,586068.0,586117.0
2020-03-18 03:39:04,586068.0,586117.0
2020-03-18 03:39:05,586114.0,586292.0
2020-03-18 03:39:06,586114.0,586292.0
2020-03-18 03:39:07,585680.0,585819.0
2020-03-18 03:39:08,585680.0,585819.0
2020-03-18 03:39:09,585730.0,585810.0
2020-03-18 03:39:10,585730.0,585810.0
2020-03-18 03:39:11,585752.0,585839.0
2020-03-18 03:39:12,585752.0,585839.0
2020-03-18 03:39:13,585772.0,586069.0
2020-03-18 03:39:14,585772.0,586069.0
2020-03-18 03:39:15,586299.0,586459.0
2020-03-18 03:39:17,586299.0,586459.0
2020-03-18 03:39:18,585866.0,586087.0
2020-03-18 03:39:19,585866.0,586087.0
2020-03-18 03:39:20,585961.0,586087.0
2020-03-18 03:39:21,586046.0,586366.0
2020-03-18 03:39:22,586046.0,586366.0
2020-03-18 03:39:23,586020.0,586361.0
2020-03-18 03:39:24,586020.0,586361.0
2020-03-18 03:39:25,585817.0,586012.0
2020-03-18 03:39:26,585817.0,586012.0
2020-03-18 03:39:27,585933.0,586267.0
2020-03-18 03:39:28,585933.0,586267.0
2020-03-18 03:39:29,585997.0,586266.0
2020-03-18 03:39:31,585997.0,586266.0
2020-03-18 03:39:32,586424.0,586716.0
2020-03-18 03:39:33,586424.0,586716.0
2020-03-18 03:39:34,586480.0,586715.0
2020-03-18 03:39:35,586480.0,586715.0
2020-03-18 03:39:36,586701.0,586779.0
2020-03-18 03:39:37,586701.0,586779.0
2020-03-18 03:39:38,586733.0,586951.0
2020-03-18 03:39:39,586733.0,586951.0
2020-03-18 03:39:40,586463.0,586659.0
2020-03-18 03:39:41,586463.0,586659.0
2020-03-18 03:39:42,586518.0,586881.0
2020-03-18 03:39:43,586518.0,586881.0
2020-03-18 03:39:44,586677.0,587188.0
2020-03-18 03:39:45,586677.0,587188.0
2020-03-18 03:39:47,586988.0,587323.0
2020-03-18 03:39:48,586988.0,587323.0
2020-03-18 03:39:49,587088.0,587171.0
2020-03-18 03:39:50,587088.0,587171.0
2020-03-18 03:39:51,586792.0,587171.0
2020-03-18 03:39:52,586792.0,587171.0
2020-03-18 03:39:53,587066.0,587558.0
2020-03-18 03:39:54,587066.0,587558.0
2020-03-18 03:39:55,587066.0,587491.0
2020-03-18 03:39:56,587066.0,587491.0
2020-03-18 03:39:57,587000.0,587200.0
2020-03-18 03:39:58,587000.0,587200.0
2020-03-18 03:39:59,587050.0,587570.0
2020-03-18 03:40:00,587050.0,587570.0
2020-03-18 03:40:02,586988.0,587136.0
2020-03-18 03:40:03,586988.0,587136.0
2020-03-18 03:40:04,586910.0,586983.0
2020-03-18 03:40:05,586910.0,586983.0
2020-03-18 03:40:06,586819.0,587184.0
2020-03-18 03:40:07,586819.0,587184.0
2020-03-18 03:40:08,586819.0,587146.0
2020-03-18 03:40:09,586819.0,587146.0
2020-03-18 03:40:10,586614.0,586960.0
2020-03-18 03:40:11,586614.0,586960.0
2020-03-18 03:40:12,586638.0,586871.0
2020-03-18 03:40:13,586477.0,586771.0
2020-03-18 03:40:14,586477.0,586768.0
2020-03-18 03:40:15,586349.0,586363.0
2020-03-18 03:40:17,586349.0,586363.0
2020-03-18 03:40:18,586318.0,586407.0
2020-03-18 03:40:19,586318.0,586407.0
2020-03-18 03:40:20,586593.0,586629.0
2020-03-18 03:40:21,586593.0,586629.0
2020-03-18 03:40:22,586467.0,586629.0
2020-03-18 03:40:23,586467.0,586629.0
2020-03-18 03:40:24,586318.0,586634.0
2020-03-18 03:40:25,586318.0,586634.0
2020-03-18 03:40:26,586180.0,586567.0
2020-03-18 03:40:27,586180.0,586567.0
2020-03-18 03:40:28,586420.0,586520.0
2020-03-18 03:40:29,586420.0,586520.0
2020-03-18 03:40:30,586420.0,586593.0
2020-03-18 03:40:31,586420.0,586593.0
2020-03-18 03:40:33,586287.0,586588.0
2020-03-18 03:40:34,586287.0,586588.0
2020-03-18 03:40:35,586305.0,586593.0
2020-03-18 03:40:36,586305.0,586593.0
2020-03-18 03:40:37,585842.0,586062.0
2020-03-18 03:40:38,585842.0,586062.0
2020-03-18 03:40:39,585842.0,586062.0
2020-03-18 03:40:40,585842.0,586062.0
2020-03-18 03:40:41,586263.0,586304.0
2020-03-18 03:40:42,586263.0,586304.0
2020-03-18 03:40:43,586120.0,586389.0
2020-03-18 03:40:44,586120.0,586389.0
2020-03-18 03:40:45,586189.0,586361.0
2020-03-18 03:40:46,586189.0,586361.0
2020-03-18 03:40:48,586189.0,586361.0
2020-03-18 03:40:49,586189.0,586361.0
2020-03-18 03:40:50,585952.0,586388.0
2020-03-18 03:40:51,585952.0,586388.0
2020-03-18 03:40:52,586349.0,586402.0
2020-03-18 03:40:53,586349.0,586402.0
2020-03-18 03:40:54,586586.0,586703.0
2020-03-18 03:40:55,586586.0,586703.0
2020-03-18 03:40:56,586749.0,587089.0
2020-03-18 03:40:57,586749.0,587089.0
2020-03-18 03:40:58,586818.0,586941.0
2020-03-18 03:40:59,586818.0,586941.0
2020-03-18 03:41:00,587163.0,587400.0
2020-03-18 03:41:01,587163.0,587400.0
2020-03-18 03:41:02,587250.0,587305.0
2020-03-18 03:41:04,587250.0,587305.0
2020-03-18 03:41:05,587282.0,587313.0
2020-03-18 03:41:06,587282.0,587313.0
2020-03-18 03:41:07,586897.0,587205.0
2020-03-18 03:41:08,586897.0,587205.0
2020-03-18 03:41:09,586897.0,587155.0
2020-03-18 03:41:10,586887.0,587155.0
2020-03-18 03:41:11,586887.0,587155.0
2020-03-18 03:41:12,586850.0,587250.0
2020-03-18 03:41:13,586850.0,587250.0
2020-03-18 03:41:14,587104.0,587250.0
2020-03-18 03:41:15,587104.0,587250.0
2020-03-18 03:41:16,586796.0,587029.0
2020-03-18 03:41:17,586796.0,587029.0
2020-03-18 03:41:18,586797.0,586948.0
2020-03-18 03:41:20,586797.0,586948.0
2020-03-18 03:41:21,586797.0,586948.0
2020-03-18 03:41:22,586797.0,586948.0
2020-03-18 03:41:23,586814.0,587091.0
2020-03-18 03:41:24,586814.0,587091.0
2020-03-18 03:41:25,586842.0,587091.0
2020-03-18 03:41:26,586842.0,587091.0
2020-03-18 03:41:27,586843.0,587074.0
2020-03-18 03:41:28,586843.0,587074.0
2020-03-18 03:41:29,586843.0,587135.0
2020-03-18 03:41:30,586843.0,587135.0
2020-03-18 03:41:31,586843.0,587072.0
2020-03-18 03:41:32,586843.0,587072.0
2020-03-18 03:41:33,586855.0,587067.0
2020-03-18 03:41:35,586855.0,587067.0
2020-03-18 03:41:36,586855.0,587067.0
2020-03-18 03:41:37,586855.0,587067.0
2020-03-18 03:41:38,586856.0,587140.0
2020-03-18 03:41:39,586856.0,587140.0
2020-03-18 03:41:40,587029.0,587060.0
2020-03-18 03:41:41,587029.0,587060.0
2020-03-18 03:41:42,587029.0,587145.0
2020-03-18 03:41:43,587029.0,587145.0
2020-03-18 03:41:44,587029.0,587216.0
2020-03-18 03:41:45,587029.0,587216.0
2020-03-18 03:41:46,587024.0,587216.0
2020-03-18 03:41:47,587024.0,587216.0
2020-03-18 03:41:48,587024.0,587211.0
2020-03-18 03:41:50,587024.0,587211.0
2020-03-18 03:41:51,587024.0,587211.0
2020-03-18 03:41:52,587024.0,587211.0
2020-03-18 03:41:53,587349.0,587440.0
2020-03-18 03:41:54,587349.0,587440.0
2020-03-18 03:41:55,587402.0,587651.0
2020-03-18 03:41:56,587402.0,587651.0
2020-03-18 03:41:57,587623.0,587867.0
2020-03-18 03:41:58,587623.0,587867.0
2020-03-18 03:41:59,587711.0,587867.0
2020-03-18 03:42:00,587711.0,587867.0
2020-03-18 03:42:01,587695.0,587817.0
2020-03-18 03:42:03,587706.0,587912.0
2020-03-18 03:42:04,587706.0,587912.0
2020-03-18 03:42:05,587875.0,587912.0
2020-03-18 03:42:06,587875.0,587912.0
2020-03-18 03:42:07,587875.0,588054.0
2020-03-18 03:42:08,587875.0,588054.0
2020-03-18 03:42:09,587825.0,587850.0
2020-03-18 03:42:10,587825.0,587850.0
2020-03-18 03:42:11,587825.0,587850.0
2020-03-18 03:42:12,587825.0,587850.0
2020-03-18 03:42:13,587853.0,588059.0
2020-03-18 03:42:14,587853.0,588059.0
2020-03-18 03:42:15,587543.0,587571.0
2020-03-18 03:42:17,587543.0,587571.0
2020-03-18 03:42:18,587498.0,587554.0
2020-03-18 03:42:19,587498.0,587554.0
2020-03-18 03:42:20,587542.0,587636.0
2020-03-18 03:42:21,587542.0,587636.0
2020-03-18 03:42:22,587596.0,587793.0
2020-03-18 03:42:23,587596.0,587793.0
2020-03-18 03:42:24,587592.0,587788.0
2020-03-18 03:42:25,587592.0,587788.0
2020-03-18 03:42:26,587592.0,587788.0
2020-03-18 03:42:27,587592.0,587788.0
2020-03-18 03:42:28,587594.0,587890.0
2020-03-18 03:42:30,587594.0,587890.0
2020-03-18 03:42:31,587457.0,587762.0
2020-03-18 03:42:32,587457.0,587762.0
2020-03-18 03:42:33,587380.0,587383.0
2020-03-18 03:42:34,587380.0,587383.0
2020-03-18 03:42:35,587123.0,587363.0
2020-03-18 03:42:36,587025.0,587187.0
2020-03-18 03:42:37,587025.0,587105.0
2020-03-18 03:42:38,586879.0,587087.0
2020-03-18 03:42:39,586879.0,587087.0
2020-03-18 03:42:40,586879.0,586917.0
2020-03-18 03:42:41,586879.0,586917.0
2020-03-18 03:42:42,586932.0,587087.0
2020-03-18 03:42:44,586932.0,587087.0
2020-03-18 03:42:45,587062.0,587334.0
2020-03-18 03:42:46,587062.0,587334.0
2020-03-18 03:42:47,587165.0,587329.0
2020-03-18 03:42:48,587165.0,587329.0
2020-03-18 03:42:49,587054.0,587329.0
2020-03-18 03:42:50,587054.0,587329.0
2020-03-18 03:42:51,586694.0,586966.0
2020-03-18 03:42:52,586694.0,586966.0
2020-03-18 03:42:53,586744.0,587086.0
2020-03-18 03:42:54,586744.0,587086.0
2020-03-18 03:42:55,586744.0,586992.0
2020-03-18 03:42:56,586744.0,586992.0
2020-03-18 03:42:57,586739.0,586875.0
2020-03-18 03:42:58,586739.0,586875.0
2020-03-18 03:43:00,586577.0,586619.0
2020-03-18 03:43:01,586577.0,586619.0
2020-03-18 03:43:02,586402.0,586594.0
2020-03-18 03:43:03,586402.0,586594.0
2020-03-18 03:43:04,586714.0,586726.0
2020-03-18 03:43:05,586714.0,586726.0
2020-03-18 03:43:06,586714.0,586726.0
2020-03-18 03:43:07,586714.0,586726.0
2020-03-18 03:43:08,586714.0,586836.0
2020-03-18 03:43:09,586714.0,586836.0
2020-03-18 03:43:10,586453.0,586596.0
2020-03-18 03:43:11,586453.0,586596.0
2020-03-18 03:43:12,586353.0,586542.0
2020-03-18 03:43:13,586353.0,586542.0
2020-03-18 03:43:15,586372.0,586542.0
2020-03-18 03:43:16,586372.0,586542.0
2020-03-18 03:43:17,586413.0,586587.0
2020-03-18 03:43:18,586413.0,586587.0
2020-03-18 03:43:19,586413.0,586647.0
2020-03-18 03:43:20,586413.0,586647.0
2020-03-18 03:43:21,586401.0,586530.0
2020-03-18 03:43:22,586401.0,586530.0
2020-03-18 03:43:23,586262.0,586264.0
2020-03-18 03:43:24,586262.0,586264.0
2020-03-18 03:43:25,585902.0,586145.0
2020-03-18 03:43:26,585902.0,586145.0
2020-03-18 03:43:27,585904.0,586036.0
2020-03-18 03:43:28,585904.0,586036.0
2020-03-18 03:43:30,585799.0,585970.0
2020-03-18 03:43:31,585799.0,585970.0
2020-03-18 03:43:32,585774.0,585969.0
2020-03-18 03:43:33,585774.0,585969.0
2020-03-18 03:43:34,585953.0,586255.0
2020-03-18 03:43:35,585953.0,586255.0
2020-03-18 03:43:36,586006.0,586250.0
2020-03-18 03:43:37,586006.0,586250.0
2020-03-18 03:43:38,586038.0,586282.0
2020-03-18 03:43:39,586038.0,586282.0
2020-03-18 03:43:40,586171.0,586400.0
2020-03-18 03:43:41,586171.0,586400.0
2020-03-18 03:43:42,586171.0,586368.0
2020-03-18 03:43:43,586171.0,586368.0
2020-03-18 03:43:44,586222.0,586232.0
2020-03-18 03:43:46,586222.0,586232.0
2020-03-18 03:43:47,586706.0,586946.0
2020-03-18 03:43:48,586706.0,586946.0
2020-03-18 03:43:49,586791.0,587001.0
2020-03-18 03:43:50,586791.0,587001.0
2020-03-18 03:43:51,586813.0,587001.0
2020-03-18 03:43:52,586813.0,587001.0
2020-03-18 03:43:53,586985.0,587178.0
2020-03-18 03:43:54,586985.0,587178.0
2020-03-18 03:43:55,586849.0,586874.0
2020-03-18 03:43:56,586849.0,586874.0
2020-03-18 03:43:57,586848.0,586870.0
2020-03-18 03:43:58,586848.0,586870.0
2020-03-18 03:43:59,586674.0,586820.0
2020-03-18 03:44:01,586674.0,586820.0
2020-03-18 03:44:02,586632.0,586876.0
2020-03-18 03:44:03,586661.0,586876.0
2020-03-18 03:44:04,586661.0,586876.0
2020-03-18 03:44:05,586663.0,586839.0
2020-03-18 03:44:06,586663.0,586839.0
2020-03-18 03:44:07,586543.0,586786.0
2020-03-18 03:44:08,586543.0,586786.0
2020-03-18 03:44:09,586548.0,586730.0
2020-03-18 03:44:10,586548.0,586730.0
2020-03-18 03:44:11,586381.0,586575.0
2020-03-18 03:44:12,586381.0,586575.0
2020-03-18 03:44:13,586081.0,586295.0
2020-03-18 03:44:14,586081.0,586318.0
2020-03-18 03:44:16,586000.0,586326.0
2020-03-18 03:44:17,586000.0,586326.0
2020-03-18 03:44:18,586201.0,586277.0
2020-03-18 03:44:19,586201.0,586277.0
2020-03-18 03:44:20,586116.0,586293.0
2020-03-18 03:44:21,586116.0,586293.0
2020-03-18 03:44:22,586181.0,586293.0
2020-03-18 03:44:23,586181.0,586293.0
2020-03-18 03:44:24,586178.0,586495.0
2020-03-18 03:44:25,586178.0,586495.0
2020-03-18 03:44:26,586068.0,586319.0
2020-03-18 03:44:27,586068.0,586319.0
2020-03-18 03:44:28,586068.0,586234.0
2020-03-18 03:44:29,586068.0,586234.0
2020-03-18 03:44:31,586068.0,586251.0
2020-03-18 03:44:32,586068.0,586251.0
2020-03-18 03:44:33,586068.0,586122.0
2020-03-18 03:44:34,586068.0,586122.0
2020-03-18 03:44:35,585868.0,586072.0
2020-03-18 03:44:36,585868.0,586072.0
2020-03-18 03:44:37,585868.0,586050.0
2020-03-18 03:44:38,585868.0,586050.0
2020-03-18 03:44:39,585868.0,585996.0
2020-03-18 03:44:40,585868.0,585996.0
2020-03-18 03:44:41,585017.0,585151.0
2020-03-18 03:44:42,585017.0,585151.0
2020-03-18 03:44:44,584238.0,584521.0
2020-03-18 03:44:45,584004.0,584377.0
2020-03-18 03:44:46,584004.0,584377.0
2020-03-18 03:44:47,584411.0,584574.0
2020-03-18 03:44:49,584411.0,584574.0
2020-03-18 03:44:50,584890.0,585152.0
2020-03-18 03:44:51,584890.0,585152.0
2020-03-18 03:44:52,584503.0,585151.0
2020-03-18 03:44:53,584503.0,585151.0
2020-03-18 03:44:54,584752.0,584887.0
2020-03-18 03:44:55,584752.0,584887.0
2020-03-18 03:44:56,584957.0,585003.0
2020-03-18 03:44:57,584957.0,585003.0
2020-03-18 03:44:58,585048.0,585192.0
2020-03-18 03:45:00,585048.0,585192.0
2020-03-18 03:45:01,584201.0,584406.0
2020-03-18 03:45:02,584201.0,584406.0
2020-03-18 03:45:03,584123.0,584303.0
2020-03-18 03:45:04,584123.0,584303.0
2020-03-18 03:45:05,584160.0,584367.0
2020-03-18 03:45:06,584160.0,584367.0
2020-03-18 03:45:07,584142.0,584312.0
2020-03-18 03:45:08,584142.0,584312.0
2020-03-18 03:45:09,584142.0,584312.0
2020-03-18 03:45:10,584142.0,584312.0
2020-03-18 03:45:11,585017.0,585176.0
2020-03-18 03:45:12,584977.0,584984.0
2020-03-18 03:45:13,584977.0,584984.0
2020-03-18 03:45:15,584507.0,584583.0
2020-03-18 03:45:16,584507.0,584583.0
2020-03-18 03:45:17,584240.0,584523.0
2020-03-18 03:45:18,584240.0,584523.0
2020-03-18 03:45:19,583992.0,584404.0
2020-03-18 03:45:20,583992.0,584404.0
2020-03-18 03:45:21,584071.0,584397.0
2020-03-18 03:45:22,584071.0,584397.0
2020-03-18 03:45:23,584082.0,584364.0
2020-03-18 03:45:24,584082.0,584364.0
2020-03-18 03:45:25,584744.0,584815.0
2020-03-18 03:45:26,584744.0,584815.0
2020-03-18 03:45:27,584753.0,585039.0
2020-03-18 03:45:28,584753.0,585039.0
2020-03-18 03:45:29,584623.0,584733.0
2020-03-18 03:45:30,584623.0,584733.0
2020-03-18 03:45:32,584412.0,584730.0
2020-03-18 03:45:33,584412.0,584730.0
2020-03-18 03:45:34,584985.0,585060.0
2020-03-18 03:45:35,584985.0,585060.0
2020-03-18 03:45:36,584931.0,585024.0
2020-03-18 03:45:37,584931.0,585024.0
2020-03-18 03:45:38,584112.0,584564.0
2020-03-18 03:45:39,584112.0,584564.0
2020-03-18 03:45:40,584150.0,584477.0
2020-03-18 03:45:41,584150.0,584477.0
2020-03-18 03:45:42,584585.0,584609.0
2020-03-18 03:45:43,584585.0,584609.0
2020-03-18 03:45:44,584593.0,584852.0
2020-03-18 03:45:45,584593.0,584852.0
2020-03-18 03:45:46,584200.0,584503.0
2020-03-18 03:45:47,584200.0,584503.0
2020-03-18 03:45:49,584200.0,584463.0
2020-03-18 03:45:50,584200.0,584463.0
2020-03-18 03:45:51,584390.0,584436.0
2020-03-18 03:45:52,584390.0,584436.0
2020-03-18 03:45:53,584441.0,584551.0
2020-03-18 03:45:54,584441.0,584551.0
2020-03-18 03:45:55,584454.0,584551.0
2020-03-18 03:45:56,584454.0,584551.0
2020-03-18 03:45:57,584480.0,584710.0
2020-03-18 03:45:58,584480.0,584710.0
2020-03-18 03:45:59,584580.0,584715.0
2020-03-18 03:46:00,584580.0,584715.0
2020-03-18 03:46:01,585294.0,585302.0
2020-03-18 03:46:02,585294.0,585302.0
2020-03-18 03:46:03,585167.0,585198.0
2020-03-18 03:46:05,585267.0,585301.0
2020-03-18 03:46:06,585267.0,585301.0
2020-03-18 03:46:07,585236.0,585248.0
2020-03-18 03:46:08,585236.0,585248.0
2020-03-18 03:46:09,585186.0,585245.0
2020-03-18 03:46:10,585186.0,585245.0
2020-03-18 03:46:11,585291.0,585347.0
2020-03-18 03:46:12,585291.0,585347.0
2020-03-18 03:46:13,585180.0,585543.0
2020-03-18 03:46:14,585180.0,585543.0
2020-03-18 03:46:15,585062.0,585537.0
2020-03-18 03:46:16,585062.0,585537.0
2020-03-18 03:46:17,584732.0,585320.0
2020-03-18 03:46:19,584732.0,585320.0
2020-03-18 03:46:20,584732.0,585320.0
2020-03-18 03:46:21,584732.0,585320.0
2020-03-18 03:46:22,584597.0,584721.0
2020-03-18 03:46:23,584597.0,584721.0
2020-03-18 03:46:24,584745.0,584815.0
2020-03-18 03:46:25,584745.0,584815.0
2020-03-18 03:46:26,584902.0,585000.0
2020-03-18 03:46:27,584902.0,585000.0
2020-03-18 03:46:28,584655.0,584989.0
2020-03-18 03:46:30,584655.0,584989.0
2020-03-18 03:46:31,584655.0,584988.0
2020-03-18 03:46:32,584655.0,584988.0
2020-03-18 03:46:33,585043.0,585057.0
2020-03-18 03:46:34,585043.0,585057.0
2020-03-18 03:46:35,584930.0,585212.0
2020-03-18 03:46:36,584591.0,584803.0
2020-03-18 03:46:37,584591.0,584803.0
2020-03-18 03:46:38,584591.0,584690.0
2020-03-18 03:46:39,584591.0,584690.0
2020-03-18 03:46:40,584689.0,584753.0
2020-03-18 03:46:41,584689.0,584753.0
2020-03-18 03:46:42,584783.0,584788.0
2020-03-18 03:46:44,584783.0,584788.0
2020-03-18 03:46:45,584857.0,585080.0
2020-03-18 03:46:46,584857.0,585080.0
2020-03-18 03:46:47,584900.0,585159.0
2020-03-18 03:46:48,584900.0,585159.0
2020-03-18 03:46:49,584831.0,585111.0
2020-03-18 03:46:50,584831.0,585111.0
2020-03-18 03:46:51,584253.0,584625.0
2020-03-18 03:46:52,584253.0,584625.0
2020-03-18 03:46:53,584688.0,584702.0
2020-03-18 03:46:55,584738.0,584784.0
2020-03-18 03:46:56,584738.0,584784.0
2020-03-18 03:46:57,584393.0,584412.0
2020-03-18 03:46:58,584393.0,584412.0
2020-03-18 03:46:59,584444.0,584971.0
2020-03-18 03:47:00,584444.0,584971.0
2020-03-18 03:47:01,585500.0,585560.0
2020-03-18 03:47:02,585500.0,585560.0
2020-03-18 03:47:03,585562.0,585833.0
2020-03-18 03:47:04,585562.0,585833.0
2020-03-18 03:47:05,585442.0,585690.0
2020-03-18 03:47:06,585442.0,585690.0
2020-03-18 03:47:07,585208.0,585684.0
2020-03-18 03:47:09,585208.0,585684.0
2020-03-18 03:47:10,585208.0,585596.0
2020-03-18 03:47:11,585208.0,585596.0
2020-03-18 03:47:12,584917.0,585311.0
2020-03-18 03:47:13,584917.0,585311.0
2020-03-18 03:47:14,584862.0,584901.0
2020-03-18 03:47:15,584862.0,584901.0
2020-03-18 03:47:16,584546.0,584892.0
2020-03-18 03:47:17,584546.0,584892.0
2020-03-18 03:47:18,583937.0,584002.0
2020-03-18 03:47:20,583640.0,583876.0
2020-03-18 03:47:21,583640.0,583876.0
2020-03-18 03:47:22,583876.0,583991.0
2020-03-18 03:47:23,583876.0,583991.0
2020-03-18 03:47:24,584686.0,584835.0
2020-03-18 03:47:25,584686.0,584835.0
2020-03-18 03:47:26,584119.0,584238.0
2020-03-18 03:47:27,584119.0,584238.0
2020-03-18 03:47:28,583935.0,584186.0
2020-03-18 03:47:30,583935.0,584186.0
2020-03-18 03:47:31,583900.0,584186.0
2020-03-18 03:47:32,583900.0,584186.0
2020-03-18 03:47:33,584237.0,584445.0
2020-03-18 03:47:34,584237.0,584445.0
2020-03-18 03:47:35,584248.0,584504.0
2020-03-18 03:47:36,584248.0,584504.0
2020-03-18 03:47:37,583811.0,584095.0
2020-03-18 03:47:38,583811.0,584095.0
2020-03-18 03:47:39,584111.0,584152.0
2020-03-18 03:47:40,584111.0,584152.0
2020-03-18 03:47:41,583928.0,584161.0
2020-03-18 03:47:42,583928.0,584161.0
2020-03-18 03:47:43,583933.0,584381.0
2020-03-18 03:47:44,583933.0,584381.0
2020-03-18 03:47:46,583928.0,584380.0
2020-03-18 03:47:47,583928.0,584380.0
2020-03-18 03:47:48,584348.0,584450.0
2020-03-18 03:47:49,584348.0,584450.0
2020-03-18 03:47:50,584302.0,584472.0
2020-03-18 03:47:51,584302.0,584472.0
2020-03-18 03:47:52,584307.0,584472.0
2020-03-18 03:47:53,584307.0,584472.0
2020-03-18 03:47:54,584368.0,584472.0
2020-03-18 03:47:55,584368.0,584472.0
2020-03-18 03:47:56,584368.0,584472.0
2020-03-18 03:47:57,584368.0,584472.0
2020-03-18 03:47:58,584008.0,584100.0
2020-03-18 03:47:59,584008.0,584100.0
2020-03-18 03:48:01,584107.0,584393.0
2020-03-18 03:48:02,584107.0,584393.0
2020-03-18 03:48:03,584486.0,584826.0
2020-03-18 03:48:04,584724.0,584857.0
2020-03-18 03:48:05,584724.0,584857.0
2020-03-18 03:48:06,584724.0,584857.0
2020-03-18 03:48:07,584724.0,584857.0
2020-03-18 03:48:08,584561.0,584724.0
2020-03-18 03:48:09,584561.0,584724.0
2020-03-18 03:48:10,584765.0,584797.0
2020-03-18 03:48:11,584765.0,584797.0
2020-03-18 03:48:12,583786.0,583788.0
2020-03-18 03:48:14,583786.0,583788.0
2020-03-18 03:48:15,583851.0,584009.0
2020-03-18 03:48:16,583851.0,584009.0
2020-03-18 03:48:17,584314.0,584350.0
2020-03-18 03:48:18,584314.0,584350.0
2020-03-18 03:48:19,583972.0,584016.0
2020-03-18 03:48:20,583972.0,584016.0
2020-03-18 03:48:21,583833.0,584015.0
2020-03-18 03:48:22,583833.0,584015.0
2020-03-18 03:48:23,584041.0,584054.0
2020-03-18 03:48:24,584041.0,584054.0
2020-03-18 03:48:25,584052.0,584255.0
2020-03-18 03:48:26,584052.0,584255.0
2020-03-18 03:48:27,584041.0,584181.0
2020-03-18 03:48:28,584041.0,584181.0
2020-03-18 03:48:29,584041.0,584166.0
2020-03-18 03:48:31,584041.0,584166.0
2020-03-18 03:48:32,584041.0,584351.0
2020-03-18 03:48:33,584041.0,584351.0
2020-03-18 03:48:34,583834.0,584306.0
2020-03-18 03:48:35,583834.0,584306.0
2020-03-18 03:48:36,583834.0,584252.0
2020-03-18 03:48:37,583834.0,584252.0
2020-03-18 03:48:38,583834.0,584212.0
2020-03-18 03:48:39,583834.0,584212.0
2020-03-18 03:48:40,583740.0,584158.0
2020-03-18 03:48:41,583740.0,584158.0
2020-03-18 03:48:42,583740.0,584158.0
2020-03-18 03:48:43,583740.0,584158.0
2020-03-18 03:48:44,583458.0,583727.0
2020-03-18 03:48:45,583458.0,583727.0
2020-03-18 03:48:46,583458.0,583719.0
2020-03-18 03:48:48,583458.0,583719.0
2020-03-18 03:48:49,583315.0,583517.0
2020-03-18 03:48:50,583315.0,583517.0
2020-03-18 03:48:51,583315.0,583496.0
2020-03-18 03:48:52,583315.0,583496.0
2020-03-18 03:48:53,583281.0,583446.0
2020-03-18 03:48:54,583281.0,583446.0
2020-03-18 03:48:55,583740.0,583822.0
2020-03-18 03:48:57,583527.0,583923.0
2020-03-18 03:48:58,583527.0,583923.0
2020-03-18 03:48:59,583672.0,583920.0
2020-03-18 03:49:00,583672.0,583920.0
2020-03-18 03:49:01,583436.0,583620.0
2020-03-18 03:49:02,583436.0,583620.0
2020-03-18 03:49:03,583218.0,583560.0
2020-03-18 03:49:04,583218.0,583560.0
2020-03-18 03:49:05,582989.0,583000.0
2020-03-18 03:49:06,582989.0,583000.0
2020-03-18 03:49:07,583031.0,583285.0
2020-03-18 03:49:08,583031.0,583285.0
2020-03-18 03:49:09,583034.0,583086.0
2020-03-18 03:49:10,583034.0,583086.0
2020-03-18 03:49:11,583135.0,583279.0
2020-03-18 03:49:13,583135.0,583279.0
2020-03-18 03:49:14,583031.0,583279.0
2020-03-18 03:49:15,583031.0,583279.0
2020-03-18 03:49:16,583111.0,583440.0
2020-03-18 03:49:17,583111.0,583440.0
2020-03-18 03:49:18,583111.0,583391.0
2020-03-18 03:49:19,583111.0,583391.0
2020-03-18 03:49:20,583153.0,583361.0
2020-03-18 03:49:21,583153.0,583361.0
2020-03-18 03:49:22,583153.0,583361.0
2020-03-18 03:49:23,583153.0,583361.0
2020-03-18 03:49:24,583097.0,583271.0
2020-03-18 03:49:25,583097.0,583271.0
2020-03-18 03:49:26,583535.0,583824.0
2020-03-18 03:49:27,583535.0,583824.0
2020-03-18 03:49:29,583517.0,583518.0
2020-03-18 03:49:30,583517.0,583518.0
2020-03-18 03:49:31,583443.0,583512.0
2020-03-18 03:49:32,583443.0,583512.0
2020-03-18 03:49:33,583412.0,583421.0
2020-03-18 03:49:34,583412.0,583421.0
2020-03-18 03:49:35,583195.0,583367.0
2020-03-18 03:49:36,583195.0,583367.0
2020-03-18 03:49:37,583180.0,583352.0
2020-03-18 03:49:38,583180.0,583352.0
2020-03-18 03:49:39,583100.0,583293.0
2020-03-18 03:49:40,583100.0,583293.0
2020-03-18 03:49:41,582720.0,583033.0
2020-03-18 03:49:42,582720.0,583033.0
2020-03-18 03:49:43,582803.0,583222.0
2020-03-18 03:49:45,582803.0,583222.0
2020-03-18 03:49:46,582720.0,582731.0
2020-03-18 03:49:47,582720.0,582731.0
2020-03-18 03:49:48,583029.0,583154.0
2020-03-18 03:49:49,583247.0,583720.0
2020-03-18 03:49:50,583247.0,583720.0
2020-03-18 03:49:51,583233.0,583540.0
2020-03-18 03:49:52,583233.0,583540.0
2020-03-18 03:49:53,583363.0,583508.0
2020-03-18 03:49:54,583363.0,583508.0
2020-03-18 03:49:55,583758.0,583908.0
2020-03-18 03:49:56,583758.0,583908.0
2020-03-18 03:49:57,583345.0,583455.0
2020-03-18 03:49:59,583345.0,583455.0
2020-03-18 03:50:00,583188.0,583232.0
2020-03-18 03:50:01,583188.0,583232.0
2020-03-18 03:50:02,583049.0,583524.0
2020-03-18 03:50:03,583049.0,583524.0
2020-03-18 03:50:04,582833.0,583071.0
2020-03-18 03:50:05,582833.0,583071.0
2020-03-18 03:50:06,583292.0,583392.0
2020-03-18 03:50:07,583292.0,583392.0
2020-03-18 03:50:08,583361.0,583464.0
2020-03-18 03:50:09,583361.0,583464.0
2020-03-18 03:50:10,583315.0,583521.0
2020-03-18 03:50:11,583315.0,583521.0
2020-03-18 03:50:12,583139.0,583519.0
2020-03-18 03:50:13,583139.0,583519.0
2020-03-18 03:50:15,583255.0,583600.0
2020-03-18 03:50:16,583255.0,583600.0
2020-03-18 03:50:17,583335.0,583380.0
2020-03-18 03:50:18,583335.0,583380.0
2020-03-18 03:50:19,583504.0,583590.0
2020-03-18 03:50:20,583504.0,583590.0
2020-03-18 03:50:21,583584.0,583874.0
2020-03-18 03:50:22,583584.0,583874.0
2020-03-18 03:50:23,583806.0,584044.0
2020-03-18 03:50:24,583806.0,584044.0
2020-03-18 03:50:25,583576.0,583745.0
2020-03-18 03:50:26,583576.0,583745.0
2020-03-18 03:50:27,583576.0,583695.0
2020-03-18 03:50:29,583576.0,583695.0
2020-03-18 03:50:30,583770.0,584036.0
2020-03-18 03:50:31,583770.0,584036.0
2020-03-18 03:50:32,584135.0,584503.0
2020-03-18 03:50:33,584135.0,584503.0
2020-03-18 03:50:34,584191.0,584492.0
2020-03-18 03:50:35,584191.0,584492.0
2020-03-18 03:50:36,583756.0,583846.0
2020-03-18 03:50:37,583756.0,583846.0
2020-03-18 03:50:38,583896.0,584268.0
2020-03-18 03:50:39,583896.0,584268.0
2020-03-18 03:50:40,584148.0,584198.0
2020-03-18 03:50:41,584148.0,584198.0
2020-03-18 03:50:42,584149.0,584599.0
2020-03-18 03:50:44,584149.0,584599.0
2020-03-18 03:50:45,583950.0,584535.0
2020-03-18 03:50:46,583950.0,584535.0
2020-03-18 03:50:47,584085.0,584208.0
2020-03-18 03:50:48,584085.0,584208.0
2020-03-18 03:50:49,583746.0,584138.0
2020-03-18 03:50:50,583746.0,584138.0
2020-03-18 03:50:51,583751.0,584138.0
2020-03-18 03:50:52,583751.0,584138.0
2020-03-18 03:50:53,583480.0,584071.0
2020-03-18 03:50:54,583480.0,584071.0
2020-03-18 03:50:55,583407.0,583571.0
2020-03-18 03:50:56,583414.0,583549.0
2020-03-18 03:50:58,583414.0,583549.0
2020-03-18 03:50:59,583464.0,583582.0
2020-03-18 03:51:00,583464.0,583582.0
2020-03-18 03:51:01,583473.0,583770.0
2020-03-18 03:51:02,583473.0,583770.0
2020-03-18 03:51:03,583990.0,584447.0
2020-03-18 03:51:04,583990.0,584447.0
2020-03-18 03:51:05,583804.0,583854.0
2020-03-18 03:51:06,583804.0,583854.0
2020-03-18 03:51:07,583804.0,583903.0
2020-03-18 03:51:08,583804.0,583903.0
2020-03-18 03:51:09,583644.0,583815.0
2020-03-18 03:51:10,583644.0,583815.0
2020-03-18 03:51:12,583644.0,583713.0
2020-03-18 03:51:13,583644.0,583713.0
2020-03-18 03:51:14,583528.0,583684.0
2020-03-18 03:51:15,583528.0,583684.0
2020-03-18 03:51:16,583294.0,583582.0
2020-03-18 03:51:17,583294.0,583582.0
2020-03-18 03:51:18,583263.0,583406.0
2020-03-18 03:51:19,583263.0,583406.0
2020-03-18 03:51:20,583263.0,583615.0
2020-03-18 03:51:21,583263.0,583615.0
2020-03-18 03:51:22,583286.0,583610.0
2020-03-18 03:51:23,583286.0,583610.0
2020-03-18 03:51:24,583326.0,583673.0
2020-03-18 03:51:25,583326.0,583673.0
2020-03-18 03:51:26,583128.0,583133.0
2020-03-18 03:51:28,583128.0,583133.0
2020-03-18 03:51:29,583251.0,583512.0
2020-03-18 03:51:30,583251.0,583512.0
2020-03-18 03:51:31,583251.0,583601.0
2020-03-18 03:51:32,583251.0,583601.0
2020-03-18 03:51:33,583152.0,583603.0
2020-03-18 03:51:34,583152.0,583603.0
2020-03-18 03:51:35,583174.0,583473.0
2020-03-18 03:51:36,583174.0,583473.0
2020-03-18 03:51:37,583174.0,583439.0
2020-03-18 03:51:38,583174.0,583439.0
2020-03-18 03:51:39,583154.0,583439.0
2020-03-18 03:51:40,583154.0,583439.0
2020-03-18 03:51:42,583124.0,583419.0
2020-03-18 03:51:43,583124.0,583419.0
2020-03-18 03:51:44,583124.0,583419.0
2020-03-18 03:51:45,583124.0,583419.0
2020-03-18 03:51:46,583785.0,583789.0
2020-03-18 03:51:47,583785.0,583789.0
2020-03-18 03:51:48,583592.0,583623.0
2020-03-18 03:51:49,583592.0,583623.0
2020-03-18 03:51:50,583572.0,583623.0
2020-03-18 03:51:51,583572.0,583623.0
2020-03-18 03:51:52,583465.0,583742.0
2020-03-18 03:51:53,583419.0,583460.0
2020-03-18 03:51:54,583419.0,583460.0
2020-03-18 03:51:55,583289.0,583438.0
2020-03-18 03:51:57,583289.0,583438.0
2020-03-18 03:51:58,583199.0,583295.0
2020-03-18 03:51:59,583199.0,583295.0
2020-03-18 03:52:00,582903.0,583027.0
2020-03-18 03:52:01,582903.0,583027.0
2020-03-18 03:52:02,582790.0,583038.0
2020-03-18 03:52:03,582790.0,583038.0
2020-03-18 03:52:04,582794.0,582928.0
2020-03-18 03:52:05,582794.0,582928.0
2020-03-18 03:52:06,582819.0,583192.0
2020-03-18 03:52:08,582819.0,583192.0
2020-03-18 03:52:09,582794.0,583192.0
2020-03-18 03:52:10,582794.0,583192.0
2020-03-18 03:52:11,582799.0,583187.0
2020-03-18 03:52:12,582799.0,583187.0
2020-03-18 03:52:13,582787.0,583083.0
2020-03-18 03:52:14,582787.0,583083.0
2020-03-18 03:52:15,582787.0,583083.0
2020-03-18 03:52:16,582787.0,583083.0
2020-03-18 03:52:17,582803.0,583041.0
2020-03-18 03:52:18,582803.0,583041.0
2020-03-18 03:52:19,582803.0,582909.0
2020-03-18 03:52:20,582803.0,582909.0
2020-03-18 03:52:21,582803.0,582856.0
2020-03-18 03:52:22,582767.0,583073.0
2020-03-18 03:52:24,582767.0,583073.0
2020-03-18 03:52:25,582622.0,582732.0
2020-03-18 03:52:26,582622.0,582732.0
2020-03-18 03:52:27,582263.0,582286.0
2020-03-18 03:52:29,582263.0,582286.0
2020-03-18 03:52:30,581202.0,581605.0
2020-03-18 03:52:31,581202.0,581605.0
2020-03-18 03:52:32,581699.0,582222.0
2020-03-18 03:52:33,581699.0,582222.0
2020-03-18 03:52:34,581880.0,582136.0
2020-03-18 03:52:35,581880.0,582136.0
2020-03-18 03:52:36,582440.0,582789.0
2020-03-18 03:52:38,582162.0,582399.0
2020-03-18 03:52:39,582162.0,582399.0
2020-03-18 03:52:40,582182.0,582433.0
2020-03-18 03:52:41,582182.0,582433.0
2020-03-18 03:52:42,582426.0,582832.0
2020-03-18 03:52:43,582426.0,582832.0
2020-03-18 03:52:44,582195.0,582443.0
2020-03-18 03:52:45,582195.0,582443.0
2020-03-18 03:52:46,582895.0,582904.0
2020-03-18 03:52:47,582895.0,582904.0
2020-03-18 03:52:48,582760.0,583000.0
2020-03-18 03:52:49,582760.0,583000.0
2020-03-18 03:52:50,582624.0,582795.0
2020-03-18 03:52:52,582624.0,582795.0
2020-03-18 03:52:53,582624.0,582814.0
2020-03-18 03:52:54,582624.0,582814.0
2020-03-18 03:52:55,582496.0,582500.0
2020-03-18 03:52:56,582496.0,582500.0
2020-03-18 03:52:57,582496.0,582629.0
2020-03-18 03:52:58,582496.0,582629.0
2020-03-18 03:52:59,583031.0,583035.0
2020-03-18 03:53:00,583031.0,583035.0
2020-03-18 03:53:01,582679.0,582873.0
2020-03-18 03:53:02,582679.0,582873.0
2020-03-18 03:53:03,582571.0,582816.0
2020-03-18 03:53:04,582571.0,582816.0
2020-03-18 03:53:05,582571.0,582790.0
2020-03-18 03:53:06,582571.0,582790.0
2020-03-18 03:53:08,582322.0,582612.0
2020-03-18 03:53:09,582322.0,582612.0
2020-03-18 03:53:10,582257.0,582450.0
2020-03-18 03:53:11,582257.0,582450.0
2020-03-18 03:53:12,582104.0,582421.0
2020-03-18 03:53:13,582104.0,582421.0
2020-03-18 03:53:14,582280.0,582638.0
2020-03-18 03:53:15,582280.0,582638.0
2020-03-18 03:53:16,582471.0,582774.0
2020-03-18 03:53:17,582471.0,582774.0
2020-03-18 03:53:18,582540.0,582719.0
2020-03-18 03:53:19,582540.0,582719.0
2020-03-18 03:53:20,582540.0,582719.0
2020-03-18 03:53:21,582540.0,582719.0
2020-03-18 03:53:22,582540.0,582695.0
2020-03-18 03:53:23,582540.0,582695.0
2020-03-18 03:53:25,582578.0,582782.0
2020-03-18 03:53:26,582578.0,582782.0
2020-03-18 03:53:27,582340.0,582404.0
2020-03-18 03:53:28,582340.0,582404.0
2020-03-18 03:53:29,582219.0,582282.0
2020-03-18 03:53:30,582219.0,582282.0
2020-03-18 03:53:31,582567.0,582614.0
2020-03-18 03:53:32,582622.0,582840.0
2020-03-18 03:53:33,582622.0,582840.0
2020-03-18 03:53:34,582256.0,582790.0
2020-03-18 03:53:35,582256.0,582790.0
2020-03-18 03:53:36,582361.0,582656.0
2020-03-18 03:53:37,582361.0,582656.0
2020-03-18 03:53:38,582089.0,582396.0
2020-03-18 03:53:40,582089.0,582396.0
2020-03-18 03:53:41,582089.0,582396.0
2020-03-18 03:53:42,582089.0,582396.0
2020-03-18 03:53:43,582089.0,582178.0
2020-03-18 03:53:44,582089.0,582178.0
2020-03-18 03:53:45,582090.0,582347.0
2020-03-18 03:53:46,582090.0,582347.0
2020-03-18 03:53:47,581734.0,581885.0
2020-03-18 03:53:48,581734.0,581885.0
2020-03-18 03:53:49,582127.0,582192.0
2020-03-18 03:53:50,582127.0,582192.0
2020-03-18 03:53:51,581704.0,581754.0
2020-03-18 03:53:52,581704.0,581754.0
2020-03-18 03:53:53,581649.0,581732.0
2020-03-18 03:53:55,581649.0,581732.0
2020-03-18 03:53:56,581654.0,581978.0
2020-03-18 03:53:57,581654.0,581978.0
2020-03-18 03:53:58,581695.0,581928.0
2020-03-18 03:53:59,581695.0,581928.0
2020-03-18 03:54:00,581695.0,581923.0
2020-03-18 03:54:01,581695.0,581923.0
2020-03-18 03:54:02,581960.0,581978.0
2020-03-18 03:54:03,581960.0,581978.0
2020-03-18 03:54:04,582116.0,582414.0
2020-03-18 03:54:05,582116.0,582414.0
2020-03-18 03:54:06,582066.0,582216.0
2020-03-18 03:54:07,582066.0,582216.0
2020-03-18 03:54:08,582398.0,582490.0
2020-03-18 03:54:10,582398.0,582490.0
2020-03-18 03:54:11,582398.0,582490.0
2020-03-18 03:54:12,582398.0,582490.0
2020-03-18 03:54:13,582939.0,583112.0
2020-03-18 03:54:14,582939.0,583112.0
2020-03-18 03:54:15,583282.0,583415.0
2020-03-18 03:54:16,583282.0,583415.0
2020-03-18 03:54:17,583470.0,583667.0
2020-03-18 03:54:18,583470.0,583667.0
2020-03-18 03:54:19,583534.0,583776.0
2020-03-18 03:54:20,583343.0,583760.0
2020-03-18 03:54:21,583343.0,583760.0
2020-03-18 03:54:22,583343.0,583474.0
2020-03-18 03:54:24,583343.0,583474.0
2020-03-18 03:54:25,583466.0,583705.0
2020-03-18 03:54:26,583466.0,583705.0
2020-03-18 03:54:27,583060.0,583367.0
2020-03-18 03:54:28,583060.0,583367.0
2020-03-18 03:54:29,583076.0,583438.0
2020-03-18 03:54:30,583076.0,583438.0
2020-03-18 03:54:31,583019.0,583429.0
2020-03-18 03:54:32,583019.0,583429.0
2020-03-18 03:54:33,583016.0,583326.0
2020-03-18 03:54:34,583016.0,583326.0
2020-03-18 03:54:35,583000.0,583268.0
2020-03-18 03:54:36,583000.0,583268.0
2020-03-18 03:54:37,583000.0,583268.0
2020-03-18 03:54:38,583000.0,583268.0
2020-03-18 03:54:40,583431.0,583611.0
2020-03-18 03:54:41,583431.0,583611.0
2020-03-18 03:54:42,583001.0,583291.0
2020-03-18 03:54:43,583001.0,583291.0
2020-03-18 03:54:44,583001.0,583275.0
2020-03-18 03:54:45,583001.0,583275.0
2020-03-18 03:54:46,583001.0,583275.0
2020-03-18 03:54:47,583001.0,583275.0
2020-03-18 03:54:48,583093.0,583616.0
2020-03-18 03:54:49,583093.0,583616.0
2020-03-18 03:54:50,583098.0,583662.0
2020-03-18 03:54:51,583098.0,583662.0
2020-03-18 03:54:52,582990.0,583399.0
2020-03-18 03:54:53,582990.0,583399.0
2020-03-18 03:54:54,583075.0,583303.0
2020-03-18 03:54:56,583075.0,583303.0
2020-03-18 03:54:57,583074.0,583327.0
2020-03-18 03:54:58,583074.0,583327.0
2020-03-18 03:54:59,582813.0,583060.0
2020-03-18 03:55:00,582813.0,583060.0
2020-03-18 03:55:01,582710.0,582861.0
2020-03-18 03:55:02,582710.0,582861.0
2020-03-18 03:55:03,582894.0,582964.0
2020-03-18 03:55:04,582894.0,582964.0
2020-03-18 03:55:05,583082.0,583371.0
2020-03-18 03:55:06,583082.0,583371.0
2020-03-18 03:55:07,583319.0,583490.0
2020-03-18 03:55:08,583319.0,583490.0
2020-03-18 03:55:10,583437.0,583490.0
2020-03-18 03:55:11,583437.0,583490.0
2020-03-18 03:55:12,583429.0,583752.0
2020-03-18 03:55:13,583429.0,583752.0
2020-03-18 03:55:14,583486.0,583703.0
2020-03-18 03:55:15,583486.0,583703.0
2020-03-18 03:55:16,583530.0,583684.0
2020-03-18 03:55:17,583530.0,583684.0
2020-03-18 03:55:19,583687.0,583857.0
2020-03-18 03:55:20,583475.0,583684.0
2020-03-18 03:55:21,583475.0,583684.0
2020-03-18 03:55:22,583262.0,583412.0
2020-03-18 03:55:23,583262.0,583412.0
2020-03-18 03:55:24,583230.0,583412.0
2020-03-18 03:55:25,583230.0,583412.0
2020-03-18 03:55:26,583230.0,583412.0
2020-03-18 03:55:27,583230.0,583412.0
2020-03-18 03:55:28,583230.0,583412.0
2020-03-18 03:55:29,583230.0,583412.0
2020-03-18 03:55:30,583419.0,583691.0
2020-03-18 03:55:31,583419.0,583691.0
2020-03-18 03:55:32,583546.0,583691.0
2020-03-18 03:55:33,583546.0,583691.0
2020-03-18 03:55:35,583596.0,583701.0
2020-03-18 03:55:36,583596.0,583701.0
2020-03-18 03:55:37,584027.0,584152.0
2020-03-18 03:55:38,584027.0,584152.0
2020-03-18 03:55:39,584107.0,584373.0
2020-03-18 03:55:40,584107.0,584373.0
2020-03-18 03:55:41,584171.0,584373.0
2020-03-18 03:55:42,584171.0,584373.0
2020-03-18 03:55:43,583945.0,584243.0
2020-03-18 03:55:44,583945.0,584243.0
2020-03-18 03:55:45,583603.0,584069.0
2020-03-18 03:55:46,583603.0,584069.0
2020-03-18 03:55:47,583610.0,584048.0
2020-03-18 03:55:48,583652.0,583880.0
2020-03-18 03:55:50,583652.0,583880.0
2020-03-18 03:55:51,583653.0,584053.0
2020-03-18 03:55:52,583653.0,584053.0
2020-03-18 03:55:53,583777.0,583841.0
2020-03-18 03:55:54,583777.0,583841.0
2020-03-18 03:55:55,583653.0,583821.0
2020-03-18 03:55:56,583653.0,583821.0
2020-03-18 03:55:57,583653.0,583818.0
2020-03-18 03:55:58,583653.0,583818.0
2020-03-18 03:55:59,583380.0,583589.0
2020-03-18 03:56:00,583380.0,583589.0
2020-03-18 03:56:01,583446.0,583511.0
2020-03-18 03:56:03,583446.0,583511.0
2020-03-18 03:56:04,583590.0,583660.0
2020-03-18 03:56:05,583590.0,583660.0
2020-03-18 03:56:06,583590.0,583951.0
2020-03-18 03:56:07,583590.0,583951.0
2020-03-18 03:56:08,583640.0,583861.0
2020-03-18 03:56:09,583640.0,583861.0
2020-03-18 03:56:10,583815.0,583861.0
2020-03-18 03:56:11,583815.0,583861.0
2020-03-18 03:56:12,583815.0,583931.0
2020-03-18 03:56:13,583815.0,583931.0
2020-03-18 03:56:14,583590.0,583931.0
2020-03-18 03:56:15,583590.0,583931.0
2020-03-18 03:56:16,583590.0,583739.0
2020-03-18 03:56:17,583590.0,583739.0
2020-03-18 03:56:19,583640.0,583768.0
2020-03-18 03:56:20,583640.0,583768.0
2020-03-18 03:56:21,584179.0,584251.0
2020-03-18 03:56:22,584179.0,584251.0
2020-03-18 03:56:23,584292.0,584530.0
2020-03-18 03:56:24,584292.0,584530.0
2020-03-18 03:56:25,584292.0,584534.0
2020-03-18 03:56:26,584292.0,584534.0
2020-03-18 03:56:27,584429.0,584742.0
2020-03-18 03:56:28,584429.0,584742.0
2020-03-18 03:56:29,584368.0,584680.0
2020-03-18 03:56:30,584368.0,584680.0
2020-03-18 03:56:31,584373.0,584680.0
2020-03-18 03:56:32,584373.0,584680.0
2020-03-18 03:56:34,584333.0,584634.0
2020-03-18 03:56:35,584042.0,584271.0
2020-03-18 03:56:36,584042.0,584271.0
2020-03-18 03:56:37,584151.0,584529.0
2020-03-18 03:56:38,584151.0,584529.0
2020-03-18 03:56:39,584153.0,584348.0
2020-03-18 03:56:40,584153.0,584348.0
2020-03-18 03:56:41,584203.0,584507.0
2020-03-18 03:56:42,584203.0,584507.0
2020-03-18 03:56:43,584248.0,584458.0
2020-03-18 03:56:44,584248.0,584458.0
2020-03-18 03:56:45,583995.0,584228.0
2020-03-18 03:56:46,583995.0,584228.0
2020-03-18 03:56:47,583990.0,584227.0
2020-03-18 03:56:49,583990.0,584227.0
2020-03-18 03:56:50,584249.0,584449.0
2020-03-18 03:56:51,584249.0,584449.0
2020-03-18 03:56:52,584503.0,584593.0
2020-03-18 03:56:53,584503.0,584593.0
2020-03-18 03:56:54,584017.0,584526.0
2020-03-18 03:56:55,584017.0,584526.0
2020-03-18 03:56:56,584077.0,584467.0
2020-03-18 03:56:57,584077.0,584467.0
2020-03-18 03:56:58,584026.0,584454.0
2020-03-18 03:56:59,584026.0,584454.0
2020-03-18 03:57:00,584081.0,584454.0
2020-03-18 03:57:01,584081.0,584454.0
2020-03-18 03:57:03,584038.0,584267.0
2020-03-18 03:57:04,584038.0,584267.0
2020-03-18 03:57:05,584157.0,584400.0
2020-03-18 03:57:06,584157.0,584400.0
2020-03-18 03:57:07,584132.0,584539.0
2020-03-18 03:57:08,584132.0,584539.0
2020-03-18 03:57:09,584042.0,584534.0
2020-03-18 03:57:10,584042.0,584534.0
2020-03-18 03:57:11,584003.0,584004.0
2020-03-18 03:57:12,583666.0,583774.0
2020-03-18 03:57:13,583666.0,583774.0
2020-03-18 03:57:14,583456.0,583689.0
2020-03-18 03:57:16,583456.0,583689.0
2020-03-18 03:57:17,583405.0,583553.0
2020-03-18 03:57:18,583405.0,583553.0
2020-03-18 03:57:19,583225.0,583336.0
2020-03-18 03:57:20,583225.0,583336.0
2020-03-18 03:57:21,583080.0,583170.0
2020-03-18 03:57:22,583080.0,583170.0
2020-03-18 03:57:23,582766.0,582920.0
2020-03-18 03:57:24,582766.0,582920.0
2020-03-18 03:57:25,583033.0,583323.0
2020-03-18 03:57:26,583033.0,583323.0
2020-03-18 03:57:27,583097.0,583386.0
2020-03-18 03:57:28,583097.0,583386.0
2020-03-18 03:57:29,583042.0,583386.0
2020-03-18 03:57:30,583042.0,583386.0
2020-03-18 03:57:32,583081.0,583408.0
2020-03-18 03:57:33,583081.0,583408.0
2020-03-18 03:57:34,582950.0,583375.0
2020-03-18 03:57:35,582950.0,583375.0
2020-03-18 03:57:36,583145.0,583402.0
2020-03-18 03:57:37,583145.0,583402.0
2020-03-18 03:57:38,583157.0,583402.0
2020-03-18 03:57:39,583157.0,583402.0
2020-03-18 03:57:40,583157.0,583397.0
2020-03-18 03:57:41,583157.0,583397.0
2020-03-18 03:57:42,583157.0,583378.0
2020-03-18 03:57:43,583157.0,583378.0
2020-03-18 03:57:44,583161.0,583519.0
2020-03-18 03:57:45,583161.0,583519.0
2020-03-18 03:57:47,582958.0,583151.0
2020-03-18 03:57:48,582958.0,583151.0
2020-03-18 03:57:49,583049.0,583477.0
2020-03-18 03:57:50,583049.0,583477.0
2020-03-18 03:57:51,583087.0,583453.0
2020-03-18 03:57:52,583087.0,583453.0
2020-03-18 03:57:53,583151.0,583399.0
2020-03-18 03:57:54,583151.0,583399.0
2020-03-18 03:57:55,583148.0,583399.0
2020-03-18 03:57:56,583148.0,583399.0
2020-03-18 03:57:57,583175.0,583408.0
2020-03-18 03:57:58,583175.0,583408.0
2020-03-18 03:57:59,583159.0,583469.0
2020-03-18 03:58:00,583159.0,583469.0
2020-03-18 03:58:02,583124.0,583440.0
2020-03-18 03:58:03,583124.0,583440.0
2020-03-18 03:58:04,583124.0,583435.0
2020-03-18 03:58:05,583124.0,583435.0
2020-03-18 03:58:06,583180.0,583440.0
2020-03-18 03:58:07,583180.0,583440.0
2020-03-18 03:58:08,583092.0,583440.0
2020-03-18 03:58:09,583092.0,583440.0
2020-03-18 03:58:10,582702.0,583070.0
2020-03-18 03:58:12,582840.0,583038.0
2020-03-18 03:58:13,582840.0,583038.0
2020-03-18 03:58:14,582628.0,583029.0
2020-03-18 03:58:15,582628.0,583029.0
2020-03-18 03:58:16,582786.0,583003.0
2020-03-18 03:58:17,582786.0,583003.0
2020-03-18 03:58:18,582808.0,583010.0
2020-03-18 03:58:19,582808.0,583010.0
2020-03-18 03:58:20,582685.0,583005.0
2020-03-18 03:58:21,582685.0,583005.0
2020-03-18 03:58:22,582931.0,583067.0
2020-03-18 03:58:23,582931.0,583067.0
2020-03-18 03:58:24,582982.0,583301.0
2020-03-18 03:58:25,582982.0,583301.0
2020-03-18 03:58:26,583526.0,583691.0
2020-03-18 03:58:27,583526.0,583691.0
2020-03-18 03:58:29,583589.0,583849.0
2020-03-18 03:58:30,583589.0,583849.0
2020-03-18 03:58:31,583618.0,583849.0
2020-03-18 03:58:32,583618.0,583849.0
2020-03-18 03:58:33,583592.0,583850.0
2020-03-18 03:58:34,583592.0,583850.0
2020-03-18 03:58:35,583618.0,583850.0
2020-03-18 03:58:36,583618.0,583850.0
2020-03-18 03:58:37,583621.0,583850.0
2020-03-18 03:58:38,583621.0,583850.0
2020-03-18 03:58:39,583850.0,584002.0
2020-03-18 03:58:40,583850.0,584002.0
2020-03-18 03:58:41,584016.0,584575.0
2020-03-18 03:58:42,584016.0,584575.0
2020-03-18 03:58:43,583843.0,584253.0
2020-03-18 03:58:45,583843.0,584253.0
2020-03-18 03:58:46,583896.0,584253.0
2020-03-18 03:58:47,583896.0,584253.0
2020-03-18 03:58:48,584071.0,584114.0
2020-03-18 03:58:49,584071.0,584114.0
2020-03-18 03:58:50,584071.0,584155.0
2020-03-18 03:58:51,584071.0,584155.0
2020-03-18 03:58:52,584213.0,584565.0
2020-03-18 03:58:53,584213.0,584565.0
2020-03-18 03:58:54,584205.0,584465.0
2020-03-18 03:58:55,584205.0,584465.0
2020-03-18 03:58:56,584167.0,584391.0
2020-03-18 03:58:57,584167.0,584391.0
2020-03-18 03:58:58,583617.0,583832.0
2020-03-18 03:58:59,583617.0,583832.0
2020-03-18 03:59:01,583746.0,583919.0
2020-03-18 03:59:02,583746.0,583919.0
2020-03-18 03:59:03,583596.0,583820.0
2020-03-18 03:59:04,583596.0,583820.0
2020-03-18 03:59:05,583412.0,583820.0
2020-03-18 03:59:06,583413.0,583676.0
2020-03-18 03:59:07,583413.0,583676.0
2020-03-18 03:59:08,583439.0,583611.0
2020-03-18 03:59:09,583439.0,583611.0
2020-03-18 03:59:10,583695.0,583729.0
2020-03-18 03:59:11,583695.0,583729.0
2020-03-18 03:59:12,583695.0,583729.0
2020-03-18 03:59:13,583695.0,583729.0
2020-03-18 03:59:14,583512.0,583965.0
2020-03-18 03:59:15,583512.0,583965.0
2020-03-18 03:59:17,583502.0,583944.0
2020-03-18 03:59:18,583502.0,583944.0
2020-03-18 03:59:19,583571.0,584166.0
2020-03-18 03:59:20,583571.0,584166.0
2020-03-18 03:59:21,583652.0,583988.0
2020-03-18 03:59:22,583652.0,583988.0
2020-03-18 03:59:23,583660.0,584047.0
2020-03-18 03:59:24,583660.0,584047.0
2020-03-18 03:59:25,584074.0,584360.0
2020-03-18 03:59:26,584074.0,584360.0
2020-03-18 03:59:27,584074.0,584468.0
2020-03-18 03:59:28,584074.0,584468.0
2020-03-18 03:59:29,584163.0,584398.0
2020-03-18 03:59:30,584163.0,584398.0
2020-03-18 03:59:31,583942.0,584278.0
2020-03-18 03:59:33,583942.0,584278.0
2020-03-18 03:59:34,583942.0,584278.0
2020-03-18 03:59:35,583942.0,584278.0
2020-03-18 03:59:36,583947.0,584278.0
2020-03-18 03:59:37,583947.0,584278.0
2020-03-18 03:59:38,583767.0,584278.0
2020-03-18 03:59:39,583767.0,584278.0
2020-03-18 03:59:40,583771.0,584392.0
2020-03-18 03:59:41,583771.0,584392.0
2020-03-18 03:59:42,583632.0,583691.0
2020-03-18 03:59:43,583632.0,583691.0
2020-03-18 03:59:44,583643.0,584001.0
2020-03-18 03:59:45,583643.0,584001.0
2020-03-18 03:59:46,583580.0,584140.0
2020-03-18 03:59:47,583580.0,584140.0
