timestamp,bid,ask,tick_timestamp
2020-05-04 18:35:30,926018,926063,2020-05-04 18:35:30.291
2020-05-04 18:35:30,926018,926063,2020-05-04 18:35:30.971
2020-05-04 18:35:31,926018,926063,2020-05-04 18:35:31.513
2020-05-04 18:35:32,926018,926063,2020-05-04 18:35:32.288
2020-05-04 18:35:32,926018,926063,2020-05-04 18:35:32.804
2020-05-04 18:35:33,926018,926063,2020-05-04 18:35:33.440
2020-05-04 18:35:33,926018,926063,2020-05-04 18:35:33.956
2020-05-04 18:35:34,926018,926062,2020-05-04 18:35:34.469
2020-05-04 18:35:34,926018,926320,2020-05-04 18:35:34.982
2020-05-04 18:35:35,926018,926315,2020-05-04 18:35:35.631
2020-05-04 18:35:36,926018,926355,2020-05-04 18:35:36.153
2020-05-04 18:35:36,926039,926355,2020-05-04 18:35:36.696
2020-05-04 18:35:37,926039,926416,2020-05-04 18:35:37.264
2020-05-04 18:35:37,926047,926464,2020-05-04 18:35:37.784
2020-05-04 18:35:38,926047,926410,2020-05-04 18:35:38.356
2020-05-04 18:35:39,926047,926464,2020-05-04 18:35:39.225
2020-05-04 18:35:40,926047,926342,2020-05-04 18:35:40.246
2020-05-04 18:35:40,926018,926331,2020-05-04 18:35:40.848
2020-05-04 18:35:41,926018,926489,2020-05-04 18:35:41.359
2020-05-04 18:35:41,926018,926488,2020-05-04 18:35:41.897
2020-05-04 18:35:42,926023,926813,2020-05-04 18:35:42.466
2020-05-04 18:35:42,926031,926624,2020-05-04 18:35:42.973
2020-05-04 18:35:43,926023,926469,2020-05-04 18:35:43.613
2020-05-04 18:35:44,925760,925833,2020-05-04 18:35:44.124
2020-05-04 18:35:44,925493,925833,2020-05-04 18:35:44.633
2020-05-04 18:35:46,925511,925833,2020-05-04 18:35:46.391
2020-05-04 18:35:47,925514,925980,2020-05-04 18:35:46.939
2020-05-04 18:35:47,925515,925941,2020-05-04 18:35:47.518
2020-05-04 18:35:48,925515,925940,2020-05-04 18:35:48.026
2020-05-04 18:35:48,925516,925936,2020-05-04 18:35:48.540
2020-05-04 18:35:49,925537,925935,2020-05-04 18:35:49.242
2020-05-04 18:35:49,925537,925930,2020-05-04 18:35:49.781
2020-05-04 18:35:50,925537,925923,2020-05-04 18:35:50.540
2020-05-04 18:35:51,925537,925921,2020-05-04 18:35:51.063
2020-05-04 18:35:51,925537,925916,2020-05-04 18:35:51.580
2020-05-04 18:35:52,925537,925915,2020-05-04 18:35:52.122
2020-05-04 18:35:53,925537,925910,2020-05-04 18:35:53.118
2020-05-04 18:35:53,925318,925904,2020-05-04 18:35:53.783
2020-05-04 18:35:54,925133,925896,2020-05-04 18:35:54.322
2020-05-04 18:35:54,925134,925895,2020-05-04 18:35:54.901
2020-05-04 18:35:55,925133,925895,2020-05-04 18:35:55.412
2020-05-04 18:35:55,925155,925687,2020-05-04 18:35:55.925
2020-05-04 18:35:56,925155,925682,2020-05-04 18:35:56.462
2020-05-04 18:35:56,925155,925680,2020-05-04 18:35:56.991
2020-05-04 18:35:57,924987,925679,2020-05-04 18:35:57.517
2020-05-04 18:35:58,924928,925639,2020-05-04 18:35:58.043
2020-05-04 18:35:58,924929,925634,2020-05-04 18:35:58.569
2020-05-04 18:35:59,924930,925627,2020-05-04 18:35:59.122
2020-05-04 18:35:59,924952,925626,2020-05-04 18:35:59.643
2020-05-04 18:36:00,924953,925625,2020-05-04 18:36:00.245
2020-05-04 18:36:00,924953,925620,2020-05-04 18:36:00.798
2020-05-04 18:36:01,924954,925618,2020-05-04 18:36:01.308
2020-05-04 18:36:01,924956,925612,2020-05-04 18:36:01.886
2020-05-04 18:36:02,924957,925610,2020-05-04 18:36:02.400
2020-05-04 18:36:02,924877,925607,2020-05-04 18:36:02.922
2020-05-04 18:36:03,924899,925602,2020-05-04 18:36:03.456
2020-05-04 18:36:04,924899,925602,2020-05-04 18:36:04.055
2020-05-04 18:36:04,924901,925596,2020-05-04 18:36:04.582
2020-05-04 18:36:05,924902,925593,2020-05-04 18:36:05.462
2020-05-04 18:36:06,924904,925582,2020-05-04 18:36:06.018
2020-05-04 18:36:06,924905,925582,2020-05-04 18:36:06.521
2020-05-04 18:36:07,925074,925581,2020-05-04 18:36:07.106
2020-05-04 18:36:07,925096,925573,2020-05-04 18:36:07.643
2020-05-04 18:36:08,925097,925576,2020-05-04 18:36:08.345
2020-05-04 18:36:08,925193,925576,2020-05-04 18:36:08.859
2020-05-04 18:36:09,925194,925705,2020-05-04 18:36:09.383
2020-05-04 18:36:09,925195,925705,2020-05-04 18:36:09.927
2020-05-04 18:36:10,925202,925811,2020-05-04 18:36:10.474
2020-05-04 18:36:10,925202,925811,2020-05-04 18:36:10.991
2020-05-04 18:36:11,925207,925811,2020-05-04 18:36:11.521
2020-05-04 18:36:12,925207,925811,2020-05-04 18:36:12.156
2020-05-04 18:36:13,925233,925810,2020-05-04 18:36:13.423
2020-05-04 18:36:14,925241,925803,2020-05-04 18:36:14.398
2020-05-04 18:36:14,925249,925803,2020-05-04 18:36:14.955
2020-05-04 18:36:15,925249,925803,2020-05-04 18:36:15.600
2020-05-04 18:36:16,925254,925782,2020-05-04 18:36:16.112
2020-05-04 18:36:16,925254,925781,2020-05-04 18:36:16.650
2020-05-04 18:36:17,925257,925780,2020-05-04 18:36:17.165
2020-05-04 18:36:17,925260,925778,2020-05-04 18:36:17.697
2020-05-04 18:36:18,925264,925777,2020-05-04 18:36:18.269
2020-05-04 18:36:18,925268,925776,2020-05-04 18:36:18.912
2020-05-04 18:36:19,925272,925775,2020-05-04 18:36:19.457
2020-05-04 18:36:19,925276,925753,2020-05-04 18:36:19.997
2020-05-04 18:36:20,925279,925752,2020-05-04 18:36:20.537
2020-05-04 18:36:21,925287,925751,2020-05-04 18:36:21.821
2020-05-04 18:36:22,925287,925750,2020-05-04 18:36:22.723
2020-05-04 18:36:23,925295,925745,2020-05-04 18:36:23.277
2020-05-04 18:36:23,925303,925744,2020-05-04 18:36:23.820
2020-05-04 18:36:24,925303,925743,2020-05-04 18:36:24.354
2020-05-04 18:36:24,925303,925743,2020-05-04 18:36:24.877
2020-05-04 18:36:25,925306,925722,2020-05-04 18:36:25.732
2020-05-04 18:36:26,925314,925721,2020-05-04 18:36:26.268
2020-05-04 18:36:26,925317,925721,2020-05-04 18:36:26.778
2020-05-04 18:36:28,925317,925800,2020-05-04 18:36:28.096
2020-05-04 18:36:28,925318,925842,2020-05-04 18:36:28.744
2020-05-04 18:36:29,925842,925900,2020-05-04 18:36:29.273
2020-05-04 18:36:30,925847,925900,2020-05-04 18:36:30.026
2020-05-04 18:36:30,925843,925900,2020-05-04 18:36:30.599
2020-05-04 18:36:31,925843,925900,2020-05-04 18:36:31.127
2020-05-04 18:36:31,925615,925900,2020-05-04 18:36:31.646
2020-05-04 18:36:32,925624,925900,2020-05-04 18:36:32.164
2020-05-04 18:36:32,925624,925900,2020-05-04 18:36:32.745
2020-05-04 18:36:33,925624,925900,2020-05-04 18:36:33.422
2020-05-04 18:36:33,925625,925900,2020-05-04 18:36:33.948
2020-05-04 18:36:34,925631,925900,2020-05-04 18:36:34.509
2020-05-04 18:36:35,925634,925900,2020-05-04 18:36:35.023
2020-05-04 18:36:35,925634,925900,2020-05-04 18:36:35.563
2020-05-04 18:36:36,925635,925900,2020-05-04 18:36:36.719
2020-05-04 18:36:37,925757,925900,2020-05-04 18:36:37.248
2020-05-04 18:36:37,925757,925900,2020-05-04 18:36:37.868
2020-05-04 18:36:38,925757,925900,2020-05-04 18:36:38.397
2020-05-04 18:36:39,925669,925900,2020-05-04 18:36:39.216
2020-05-04 18:36:39,925669,925900,2020-05-04 18:36:39.837
2020-05-04 18:36:41,925701,926000,2020-05-04 18:36:41.514
2020-05-04 18:36:42,925696,926000,2020-05-04 18:36:42.287
2020-05-04 18:36:42,925702,926000,2020-05-04 18:36:42.841
2020-05-04 18:36:43,925709,926000,2020-05-04 18:36:43.372
2020-05-04 18:36:43,925715,926000,2020-05-04 18:36:43.909
2020-05-04 18:36:44,925716,926000,2020-05-04 18:36:44.471
2020-05-04 18:36:44,925736,926000,2020-05-04 18:36:44.986
2020-05-04 18:36:45,925744,926000,2020-05-04 18:36:45.562
2020-05-04 18:36:46,925745,926000,2020-05-04 18:36:46.434
2020-05-04 18:36:46,925745,926000,2020-05-04 18:36:46.958
2020-05-04 18:36:47,925750,926000,2020-05-04 18:36:47.852
2020-05-04 18:36:48,925759,926000,2020-05-04 18:36:48.434
2020-05-04 18:36:49,925759,926000,2020-05-04 18:36:49.001
2020-05-04 18:36:49,925759,926000,2020-05-04 18:36:49.604
2020-05-04 18:36:50,925759,925979,2020-05-04 18:36:50.230
2020-05-04 18:36:50,925759,925979,2020-05-04 18:36:50.741
2020-05-04 18:36:51,925702,925759,2020-05-04 18:36:51.288
2020-05-04 18:36:51,925515,925759,2020-05-04 18:36:51.805
2020-05-04 18:36:52,925515,925973,2020-05-04 18:36:52.415
2020-05-04 18:36:52,925515,925754,2020-05-04 18:36:52.954
2020-05-04 18:36:53,925509,925733,2020-05-04 18:36:53.832
2020-05-04 18:36:54,925509,925728,2020-05-04 18:36:54.820
2020-05-04 18:36:55,925509,925721,2020-05-04 18:36:55.345
2020-05-04 18:36:55,925509,925721,2020-05-04 18:36:55.863
2020-05-04 18:36:56,925509,925715,2020-05-04 18:36:56.370
2020-05-04 18:36:56,925509,925710,2020-05-04 18:36:56.876
2020-05-04 18:36:57,925509,925710,2020-05-04 18:36:57.658
2020-05-04 18:36:58,925509,925683,2020-05-04 18:36:58.189
2020-05-04 18:36:58,925192,925500,2020-05-04 18:36:58.731
2020-05-04 18:36:59,925188,925499,2020-05-04 18:36:59.277
2020-05-04 18:36:59,925188,925499,2020-05-04 18:36:59.960
2020-05-04 18:37:00,925188,925492,2020-05-04 18:37:00.702
2020-05-04 18:37:01,925209,925535,2020-05-04 18:37:01.241
2020-05-04 18:37:01,925209,925534,2020-05-04 18:37:01.805
2020-05-04 18:37:02,925209,925563,2020-05-04 18:37:02.366
2020-05-04 18:37:02,925209,925563,2020-05-04 18:37:02.883
2020-05-04 18:37:04,925209,925562,2020-05-04 18:37:04.191
2020-05-04 18:37:04,925000,925555,2020-05-04 18:37:04.711
2020-05-04 18:37:05,925000,925548,2020-05-04 18:37:05.257
2020-05-04 18:37:05,925090,925542,2020-05-04 18:37:05.876
2020-05-04 18:37:06,925090,925542,2020-05-04 18:37:06.411
2020-05-04 18:37:06,925023,925540,2020-05-04 18:37:06.915
2020-05-04 18:37:08,925023,925535,2020-05-04 18:37:08.286
2020-05-04 18:37:08,925025,925526,2020-05-04 18:37:08.882
2020-05-04 18:37:09,925026,925526,2020-05-04 18:37:09.401
2020-05-04 18:37:10,925046,925521,2020-05-04 18:37:10.216
2020-05-04 18:37:10,925047,925520,2020-05-04 18:37:10.778
2020-05-04 18:37:11,925048,925515,2020-05-04 18:37:11.316
2020-05-04 18:37:11,925049,925514,2020-05-04 18:37:11.932
2020-05-04 18:37:12,925049,925514,2020-05-04 18:37:12.457
2020-05-04 18:37:13,925000,925509,2020-05-04 18:37:13.010
2020-05-04 18:37:13,925049,925508,2020-05-04 18:37:13.831
2020-05-04 18:37:14,925050,925507,2020-05-04 18:37:14.527
2020-05-04 18:37:15,925071,925505,2020-05-04 18:37:15.045
2020-05-04 18:37:15,925076,925503,2020-05-04 18:37:15.562
2020-05-04 18:37:16,925076,925496,2020-05-04 18:37:16.095
2020-05-04 18:37:16,925076,925495,2020-05-04 18:37:16.601
2020-05-04 18:37:17,925076,925494,2020-05-04 18:37:17.104
2020-05-04 18:37:17,925049,925493,2020-05-04 18:37:17.610
2020-05-04 18:37:18,925000,925021,2020-05-04 18:37:18.300
2020-05-04 18:37:18,924783,925016,2020-05-04 18:37:18.856
2020-05-04 18:37:19,924665,924813,2020-05-04 18:37:19.372
2020-05-04 18:37:19,924665,924813,2020-05-04 18:37:19.894
2020-05-04 18:37:20,924414,924962,2020-05-04 18:37:20.436
2020-05-04 18:37:21,924412,924629,2020-05-04 18:37:21.878
2020-05-04 18:37:22,924412,924644,2020-05-04 18:37:22.432
2020-05-04 18:37:22,924412,924646,2020-05-04 18:37:22.957
2020-05-04 18:37:23,924412,924645,2020-05-04 18:37:23.492
2020-05-04 18:37:24,924412,924644,2020-05-04 18:37:24.082
2020-05-04 18:37:24,924433,924646,2020-05-04 18:37:24.597
2020-05-04 18:37:25,924433,924650,2020-05-04 18:37:25.118
2020-05-04 18:37:26,924433,924650,2020-05-04 18:37:26.029
2020-05-04 18:37:26,924433,924646,2020-05-04 18:37:26.579
2020-05-04 18:37:27,924412,924644,2020-05-04 18:37:27.100
2020-05-04 18:37:27,924412,924643,2020-05-04 18:37:27.614
2020-05-04 18:37:29,924412,924643,2020-05-04 18:37:29.102
2020-05-04 18:37:29,924433,924646,2020-05-04 18:37:29.627
2020-05-04 18:37:30,924433,924646,2020-05-04 18:37:30.151
2020-05-04 18:37:30,924433,924650,2020-05-04 18:37:30.682
2020-05-04 18:37:31,924433,924651,2020-05-04 18:37:31.220
2020-05-04 18:37:31,924433,924651,2020-05-04 18:37:31.797
2020-05-04 18:37:32,924433,924651,2020-05-04 18:37:32.785
2020-05-04 18:37:33,924390,924401,2020-05-04 18:37:33.305
2020-05-04 18:37:33,924390,924401,2020-05-04 18:37:33.845
2020-05-04 18:37:34,924390,924651,2020-05-04 18:37:34.840
2020-05-04 18:37:35,924390,924630,2020-05-04 18:37:35.535
2020-05-04 18:37:36,924390,924625,2020-05-04 18:37:36.037
2020-05-04 18:37:36,924390,924625,2020-05-04 18:37:36.553
2020-05-04 18:37:37,924390,924630,2020-05-04 18:37:37.057
2020-05-04 18:37:37,924390,924625,2020-05-04 18:37:37.898
2020-05-04 18:37:38,924391,924651,2020-05-04 18:37:38.412
2020-05-04 18:37:38,924391,924651,2020-05-04 18:37:38.923
2020-05-04 18:37:39,924391,924651,2020-05-04 18:37:39.814
2020-05-04 18:37:40,924439,924651,2020-05-04 18:37:40.371
2020-05-04 18:37:40,924439,924651,2020-05-04 18:37:40.887
2020-05-04 18:37:41,924439,924651,2020-05-04 18:37:41.759
2020-05-04 18:37:43,924419,924874,2020-05-04 18:37:43.076
2020-05-04 18:37:43,924390,924867,2020-05-04 18:37:43.671
2020-05-04 18:37:44,924390,924861,2020-05-04 18:37:44.218
2020-05-04 18:37:44,924411,924860,2020-05-04 18:37:44.734
2020-05-04 18:37:45,924411,924859,2020-05-04 18:37:45.272
2020-05-04 18:37:46,924411,924850,2020-05-04 18:37:46.527
2020-05-04 18:37:47,924411,924843,2020-05-04 18:37:47.059
2020-05-04 18:37:47,924411,924839,2020-05-04 18:37:47.601
2020-05-04 18:37:48,924390,924831,2020-05-04 18:37:48.119
2020-05-04 18:37:48,924390,924831,2020-05-04 18:37:48.635
2020-05-04 18:37:49,924390,924825,2020-05-04 18:37:49.270
2020-05-04 18:37:49,924390,924801,2020-05-04 18:37:49.833
2020-05-04 18:37:50,924395,924796,2020-05-04 18:37:50.341
2020-05-04 18:37:51,924390,924796,2020-05-04 18:37:51.202
2020-05-04 18:37:51,924395,924788,2020-05-04 18:37:51.845
2020-05-04 18:37:52,924395,924787,2020-05-04 18:37:52.421
2020-05-04 18:37:52,924390,924782,2020-05-04 18:37:52.972
2020-05-04 18:37:53,924416,924781,2020-05-04 18:37:53.511
2020-05-04 18:37:54,924416,924843,2020-05-04 18:37:54.114
2020-05-04 18:37:54,924423,924869,2020-05-04 18:37:54.733
2020-05-04 18:37:56,924423,924869,2020-05-04 18:37:56.352
2020-05-04 18:37:57,924363,924825,2020-05-04 18:37:57.827
2020-05-04 18:37:58,924505,924814,2020-05-04 18:37:58.357
2020-05-04 18:37:59,924500,924869,2020-05-04 18:37:58.882
2020-05-04 18:37:59,924505,924869,2020-05-04 18:37:59.784
2020-05-04 18:38:00,924500,924869,2020-05-04 18:38:00.291
2020-05-04 18:38:00,924505,924869,2020-05-04 18:38:00.838
2020-05-04 18:38:01,924505,924695,2020-05-04 18:38:01.519
2020-05-04 18:38:02,924500,924695,2020-05-04 18:38:02.345
2020-05-04 18:38:03,924505,924700,2020-05-04 18:38:03.035
2020-05-04 18:38:03,924521,924700,2020-05-04 18:38:03.746
2020-05-04 18:38:04,924526,924700,2020-05-04 18:38:04.359
2020-05-04 18:38:05,924526,924700,2020-05-04 18:38:05.636
2020-05-04 18:38:06,924526,924700,2020-05-04 18:38:06.334
2020-05-04 18:38:07,924505,924700,2020-05-04 18:38:07.112
2020-05-04 18:38:07,924505,924700,2020-05-04 18:38:07.654
2020-05-04 18:38:08,924531,924700,2020-05-04 18:38:08.164
2020-05-04 18:38:08,924707,924869,2020-05-04 18:38:08.670
2020-05-04 18:38:09,924712,924869,2020-05-04 18:38:09.230
2020-05-04 18:38:09,924712,924869,2020-05-04 18:38:09.811
2020-05-04 18:38:10,924712,924869,2020-05-04 18:38:10.524
2020-05-04 18:38:11,924712,924869,2020-05-04 18:38:11.110
2020-05-04 18:38:11,924712,924869,2020-05-04 18:38:11.638
2020-05-04 18:38:12,924712,924869,2020-05-04 18:38:12.191
2020-05-04 18:38:12,925021,924869,2020-05-04 18:38:12.713
2020-05-04 18:38:13,925023,925109,2020-05-04 18:38:13.253
2020-05-04 18:38:13,925023,925109,2020-05-04 18:38:13.929
2020-05-04 18:38:14,925028,925384,2020-05-04 18:38:14.457
2020-05-04 18:38:15,925029,925384,2020-05-04 18:38:15.006
2020-05-04 18:38:15,925050,925445,2020-05-04 18:38:15.550
2020-05-04 18:38:16,925057,925444,2020-05-04 18:38:16.078
2020-05-04 18:38:16,925065,925690,2020-05-04 18:38:16.611
2020-05-04 18:38:17,925065,925690,2020-05-04 18:38:17.140
2020-05-04 18:38:17,925176,925688,2020-05-04 18:38:17.661
2020-05-04 18:38:18,925181,925680,2020-05-04 18:38:18.185
2020-05-04 18:38:18,925211,925679,2020-05-04 18:38:18.772
2020-05-04 18:38:19,925493,925679,2020-05-04 18:38:19.332
2020-05-04 18:38:19,925493,925785,2020-05-04 18:38:19.898
2020-05-04 18:38:20,925594,926074,2020-05-04 18:38:20.436
2020-05-04 18:38:21,925594,926150,2020-05-04 18:38:21.017
2020-05-04 18:38:21,925595,926073,2020-05-04 18:38:21.535
2020-05-04 18:38:22,925499,926072,2020-05-04 18:38:22.126
2020-05-04 18:38:22,925494,926071,2020-05-04 18:38:22.649
2020-05-04 18:38:23,925499,926070,2020-05-04 18:38:23.307
2020-05-04 18:38:23,925344,925881,2020-05-04 18:38:23.813
2020-05-04 18:38:24,925370,925881,2020-05-04 18:38:24.338
2020-05-04 18:38:24,925370,925881,2020-05-04 18:38:24.850
2020-05-04 18:38:25,925371,925881,2020-05-04 18:38:25.372
2020-05-04 18:38:25,925376,926033,2020-05-04 18:38:25.887
2020-05-04 18:38:26,925435,926034,2020-05-04 18:38:26.524
2020-05-04 18:38:27,925883,926034,2020-05-04 18:38:27.084
2020-05-04 18:38:27,925883,926034,2020-05-04 18:38:27.743
2020-05-04 18:38:28,925888,926234,2020-05-04 18:38:28.249
2020-05-04 18:38:28,926061,926087,2020-05-04 18:38:28.770
2020-05-04 18:38:29,926061,926087,2020-05-04 18:38:29.360
2020-05-04 18:38:29,926061,926087,2020-05-04 18:38:29.940
2020-05-04 18:38:30,926061,926087,2020-05-04 18:38:30.684
2020-05-04 18:38:31,925918,926241,2020-05-04 18:38:31.201
2020-05-04 18:38:31,925918,926242,2020-05-04 18:38:31.894
2020-05-04 18:38:32,925918,926241,2020-05-04 18:38:32.417
2020-05-04 18:38:32,925798,926240,2020-05-04 18:38:32.936
2020-05-04 18:38:33,925798,926239,2020-05-04 18:38:33.823
2020-05-04 18:38:34,925798,926239,2020-05-04 18:38:34.421
2020-05-04 18:38:34,925736,926110,2020-05-04 18:38:34.948
2020-05-04 18:38:35,925737,926110,2020-05-04 18:38:35.461
2020-05-04 18:38:35,925835,926230,2020-05-04 18:38:35.972
2020-05-04 18:38:36,925835,926230,2020-05-04 18:38:36.500
2020-05-04 18:38:37,925840,926229,2020-05-04 18:38:37.216
2020-05-04 18:38:37,925846,926242,2020-05-04 18:38:37.753
2020-05-04 18:38:38,925847,926242,2020-05-04 18:38:38.291
2020-05-04 18:38:39,925847,926242,2020-05-04 18:38:39.651
2020-05-04 18:38:40,925875,926241,2020-05-04 18:38:40.234
2020-05-04 18:38:40,925880,926241,2020-05-04 18:38:40.763
2020-05-04 18:38:41,925880,926241,2020-05-04 18:38:41.303
2020-05-04 18:38:41,925881,926240,2020-05-04 18:38:41.828
2020-05-04 18:38:42,925886,926240,2020-05-04 18:38:42.394
2020-05-04 18:38:42,925882,926235,2020-05-04 18:38:42.913
2020-05-04 18:38:43,925882,926235,2020-05-04 18:38:43.497
2020-05-04 18:38:44,925882,926234,2020-05-04 18:38:44.043
2020-05-04 18:38:44,925882,926234,2020-05-04 18:38:44.554
2020-05-04 18:38:45,925882,926234,2020-05-04 18:38:45.119
2020-05-04 18:38:45,925882,926234,2020-05-04 18:38:45.640
2020-05-04 18:38:46,925888,926234,2020-05-04 18:38:46.171
2020-05-04 18:38:46,925893,926234,2020-05-04 18:38:46.754
2020-05-04 18:38:47,925893,926239,2020-05-04 18:38:47.682
2020-05-04 18:38:48,925899,926239,2020-05-04 18:38:48.197
2020-05-04 18:38:48,925900,926238,2020-05-04 18:38:48.735
2020-05-04 18:38:49,925900,926238,2020-05-04 18:38:49.248
2020-05-04 18:38:49,925905,926237,2020-05-04 18:38:49.770
2020-05-04 18:38:50,925906,926236,2020-05-04 18:38:50.309
2020-05-04 18:38:50,925911,926236,2020-05-04 18:38:50.871
2020-05-04 18:38:51,925911,926235,2020-05-04 18:38:51.386
2020-05-04 18:38:51,925843,926235,2020-05-04 18:38:51.904
2020-05-04 18:38:52,925912,926235,2020-05-04 18:38:52.557
2020-05-04 18:38:53,925917,926235,2020-05-04 18:38:53.155
2020-05-04 18:38:53,925918,926235,2020-05-04 18:38:53.753
2020-05-04 18:38:54,925939,926235,2020-05-04 18:38:54.306
2020-05-04 18:38:54,925944,926235,2020-05-04 18:38:54.822
2020-05-04 18:38:55,925945,926235,2020-05-04 18:38:55.350
2020-05-04 18:38:55,925945,926235,2020-05-04 18:38:55.869
2020-05-04 18:38:56,925946,926235,2020-05-04 18:38:56.392
2020-05-04 18:38:56,925947,926235,2020-05-04 18:38:56.919
2020-05-04 18:38:57,925952,926235,2020-05-04 18:38:57.470
2020-05-04 18:38:58,925953,926235,2020-05-04 18:38:58.007
2020-05-04 18:38:58,926235,926242,2020-05-04 18:38:58.526
2020-05-04 18:38:59,926235,926242,2020-05-04 18:38:59.410
2020-05-04 18:38:59,926235,926242,2020-05-04 18:38:59.950
2020-05-04 18:39:00,925961,926242,2020-05-04 18:39:00.820
2020-05-04 18:39:01,925984,926492,2020-05-04 18:39:01.958
2020-05-04 18:39:02,925992,926491,2020-05-04 18:39:02.515
2020-05-04 18:39:03,925998,926491,2020-05-04 18:39:03.037
2020-05-04 18:39:03,925999,926491,2020-05-04 18:39:03.587
2020-05-04 18:39:04,925999,926491,2020-05-04 18:39:04.140
2020-05-04 18:39:05,926004,926491,2020-05-04 18:39:05.289
2020-05-04 18:39:06,926032,926483,2020-05-04 18:39:06.647
2020-05-04 18:39:07,926039,926483,2020-05-04 18:39:07.214
2020-05-04 18:39:07,926040,926483,2020-05-04 18:39:07.879
2020-05-04 18:39:08,926100,926475,2020-05-04 18:39:08.854
2020-05-04 18:39:09,926105,926474,2020-05-04 18:39:09.488
2020-05-04 18:39:10,926126,926473,2020-05-04 18:39:10.020
2020-05-04 18:39:10,926135,926472,2020-05-04 18:39:10.543
2020-05-04 18:39:11,926135,926472,2020-05-04 18:39:11.074
2020-05-04 18:39:11,926140,926472,2020-05-04 18:39:11.601
2020-05-04 18:39:12,926140,926472,2020-05-04 18:39:12.144
2020-05-04 18:39:12,926141,926471,2020-05-04 18:39:12.827
2020-05-04 18:39:13,926146,926471,2020-05-04 18:39:13.374
2020-05-04 18:39:14,926147,926470,2020-05-04 18:39:14.605
2020-05-04 18:39:15,926094,926467,2020-05-04 18:39:15.147
2020-05-04 18:39:15,925900,926413,2020-05-04 18:39:15.690
2020-05-04 18:39:16,925921,926409,2020-05-04 18:39:16.243
2020-05-04 18:39:16,925921,926407,2020-05-04 18:39:16.759
2020-05-04 18:39:17,925922,926407,2020-05-04 18:39:17.343
2020-05-04 18:39:18,925922,926407,2020-05-04 18:39:18.024
2020-05-04 18:39:18,925931,926401,2020-05-04 18:39:18.714
2020-05-04 18:39:20,925932,926401,2020-05-04 18:39:20.081
2020-05-04 18:39:20,925932,926396,2020-05-04 18:39:20.822
2020-05-04 18:39:21,925953,926389,2020-05-04 18:39:21.482
2020-05-04 18:39:22,925953,926384,2020-05-04 18:39:22.197
2020-05-04 18:39:22,925954,926378,2020-05-04 18:39:22.857
2020-05-04 18:39:23,925954,926378,2020-05-04 18:39:23.444
2020-05-04 18:39:23,925962,926377,2020-05-04 18:39:23.987
2020-05-04 18:39:24,925962,926377,2020-05-04 18:39:24.545
2020-05-04 18:39:25,925962,926377,2020-05-04 18:39:25.514
2020-05-04 18:39:26,925963,926366,2020-05-04 18:39:26.347
2020-05-04 18:39:26,925985,926359,2020-05-04 18:39:26.886
2020-05-04 18:39:27,925985,926358,2020-05-04 18:39:27.464
2020-05-04 18:39:28,925985,926353,2020-05-04 18:39:28.693
2020-05-04 18:39:30,925985,926352,2020-05-04 18:39:30.180
2020-05-04 18:39:30,926006,926345,2020-05-04 18:39:30.717
2020-05-04 18:39:32,926007,926344,2020-05-04 18:39:32.036
2020-05-04 18:39:32,926007,926344,2020-05-04 18:39:32.561
2020-05-04 18:39:33,926007,926339,2020-05-04 18:39:33.071
2020-05-04 18:39:33,926007,926339,2020-05-04 18:39:33.956
2020-05-04 18:39:34,926028,926344,2020-05-04 18:39:34.493
2020-05-04 18:39:35,926028,926344,2020-05-04 18:39:35.332
2020-05-04 18:39:35,926029,926344,2020-05-04 18:39:35.860
2020-05-04 18:39:36,926029,926344,2020-05-04 18:39:36.666
2020-05-04 18:39:37,926029,926344,2020-05-04 18:39:37.178
2020-05-04 18:39:37,926029,926344,2020-05-04 18:39:37.758
2020-05-04 18:39:38,926029,926344,2020-05-04 18:39:38.284
2020-05-04 18:39:38,926029,926344,2020-05-04 18:39:38.794
2020-05-04 18:39:39,926117,926390,2020-05-04 18:39:39.328
2020-05-04 18:39:39,926122,926390,2020-05-04 18:39:39.847
2020-05-04 18:39:40,926122,926390,2020-05-04 18:39:40.572
2020-05-04 18:39:41,926067,926390,2020-05-04 18:39:41.122
2020-05-04 18:39:42,926067,926390,2020-05-04 18:39:42.215
2020-05-04 18:39:42,926068,926390,2020-05-04 18:39:42.962
2020-05-04 18:39:43,926095,926390,2020-05-04 18:39:43.763
2020-05-04 18:39:44,926101,926390,2020-05-04 18:39:44.289
2020-05-04 18:39:45,926106,926390,2020-05-04 18:39:45.753
2020-05-04 18:39:46,926100,926555,2020-05-04 18:39:46.492
2020-05-04 18:39:47,926390,926661,2020-05-04 18:39:47.046
2020-05-04 18:39:47,926341,926802,2020-05-04 18:39:47.556
2020-05-04 18:39:48,926258,926798,2020-05-04 18:39:48.379
2020-05-04 18:39:48,926347,926789,2020-05-04 18:39:48.946
2020-05-04 18:39:49,926347,926789,2020-05-04 18:39:49.464
2020-05-04 18:39:50,926352,926788,2020-05-04 18:39:50.160
2020-05-04 18:39:50,926311,926786,2020-05-04 18:39:50.690
2020-05-04 18:39:51,926366,926779,2020-05-04 18:39:51.233
2020-05-04 18:39:51,926371,926779,2020-05-04 18:39:51.765
2020-05-04 18:39:52,926371,926779,2020-05-04 18:39:52.286
2020-05-04 18:39:52,926371,926778,2020-05-04 18:39:52.853
2020-05-04 18:39:53,926392,926778,2020-05-04 18:39:53.418
2020-05-04 18:39:54,926397,926776,2020-05-04 18:39:54.063
2020-05-04 18:39:54,926397,926776,2020-05-04 18:39:54.615
2020-05-04 18:39:55,926397,926776,2020-05-04 18:39:55.161
2020-05-04 18:39:55,926397,926775,2020-05-04 18:39:55.710
2020-05-04 18:39:56,926278,926774,2020-05-04 18:39:56.383
2020-05-04 18:39:56,926300,926772,2020-05-04 18:39:56.988
2020-05-04 18:39:57,926305,926772,2020-05-04 18:39:57.498
2020-05-04 18:39:58,926374,926771,2020-05-04 18:39:58.015
2020-05-04 18:39:58,926374,926771,2020-05-04 18:39:58.574
2020-05-04 18:39:59,926374,926770,2020-05-04 18:39:59.160
2020-05-04 18:39:59,926374,926769,2020-05-04 18:39:59.672
2020-05-04 18:40:00,926374,926768,2020-05-04 18:40:00.869
2020-05-04 18:40:01,926374,926768,2020-05-04 18:40:01.611
2020-05-04 18:40:02,926400,926842,2020-05-04 18:40:02.316
2020-05-04 18:40:02,926400,926841,2020-05-04 18:40:02.857
2020-05-04 18:40:03,926400,926841,2020-05-04 18:40:03.543
2020-05-04 18:40:04,926401,926840,2020-05-04 18:40:04.314
2020-05-04 18:40:04,926409,926839,2020-05-04 18:40:04.854
2020-05-04 18:40:05,926409,926831,2020-05-04 18:40:05.393
2020-05-04 18:40:05,926571,926831,2020-05-04 18:40:05.935
2020-05-04 18:40:06,926571,926831,2020-05-04 18:40:06.469
2020-05-04 18:40:06,926571,926831,2020-05-04 18:40:06.983
2020-05-04 18:40:07,926509,926831,2020-05-04 18:40:07.521
2020-05-04 18:40:08,926514,926842,2020-05-04 18:40:08.065
2020-05-04 18:40:08,926568,926837,2020-05-04 18:40:08.641
2020-05-04 18:40:09,926568,926837,2020-05-04 18:40:09.169
2020-05-04 18:40:09,926509,926836,2020-05-04 18:40:09.717
2020-05-04 18:40:10,926302,926509,2020-05-04 18:40:10.259
2020-05-04 18:40:10,925801,926504,2020-05-04 18:40:10.836
2020-05-04 18:40:11,925462,925954,2020-05-04 18:40:11.383
2020-05-04 18:40:11,925463,925821,2020-05-04 18:40:11.916
2020-05-04 18:40:12,925484,925882,2020-05-04 18:40:12.459
2020-05-04 18:40:13,925492,925884,2020-05-04 18:40:13.058
2020-05-04 18:40:13,925493,925884,2020-05-04 18:40:13.815
2020-05-04 18:40:14,925493,925884,2020-05-04 18:40:14.333
2020-05-04 18:40:15,925493,925884,2020-05-04 18:40:15.834
2020-05-04 18:40:16,925493,925884,2020-05-04 18:40:16.845
2020-05-04 18:40:17,925493,925884,2020-05-04 18:40:17.385
2020-05-04 18:40:17,925493,925884,2020-05-04 18:40:17.911
2020-05-04 18:40:18,925493,925884,2020-05-04 18:40:18.424
2020-05-04 18:40:18,925493,925884,2020-05-04 18:40:18.971
2020-05-04 18:40:19,925493,925884,2020-05-04 18:40:19.514
2020-05-04 18:40:20,925523,926086,2020-05-04 18:40:20.060
2020-05-04 18:40:20,925523,926086,2020-05-04 18:40:20.584
2020-05-04 18:40:21,925531,925679,2020-05-04 18:40:21.380
2020-05-04 18:40:21,925532,925679,2020-05-04 18:40:21.907
2020-05-04 18:40:22,925533,926017,2020-05-04 18:40:22.436
2020-05-04 18:40:23,925533,925965,2020-05-04 18:40:23.296
2020-05-04 18:40:23,925471,925513,2020-05-04 18:40:23.842
2020-05-04 18:40:24,925390,925512,2020-05-04 18:40:24.376
2020-05-04 18:40:24,925389,925512,2020-05-04 18:40:24.886
2020-05-04 18:40:25,925389,925512,2020-05-04 18:40:25.393
2020-05-04 18:40:25,925389,925512,2020-05-04 18:40:25.957
2020-05-04 18:40:26,925053,925361,2020-05-04 18:40:26.485
2020-05-04 18:40:27,925053,925360,2020-05-04 18:40:27.001
2020-05-04 18:40:27,925053,925356,2020-05-04 18:40:27.619
2020-05-04 18:40:28,924800,925340,2020-05-04 18:40:28.166
2020-05-04 18:40:29,924822,925277,2020-05-04 18:40:29.010
2020-05-04 18:40:29,924830,925272,2020-05-04 18:40:29.558
2020-05-04 18:40:30,924831,925272,2020-05-04 18:40:30.091
2020-05-04 18:40:30,924831,925292,2020-05-04 18:40:30.627
2020-05-04 18:40:31,924831,925271,2020-05-04 18:40:31.139
2020-05-04 18:40:31,924831,925266,2020-05-04 18:40:31.833
2020-05-04 18:40:32,924840,925185,2020-05-04 18:40:32.344
2020-05-04 18:40:32,924840,925180,2020-05-04 18:40:32.861
2020-05-04 18:40:33,924840,925180,2020-05-04 18:40:33.391
2020-05-04 18:40:33,924840,925117,2020-05-04 18:40:33.968
2020-05-04 18:40:34,924840,924906,2020-05-04 18:40:34.483
2020-05-04 18:40:35,924840,924906,2020-05-04 18:40:35.005
2020-05-04 18:40:35,924840,924906,2020-05-04 18:40:35.566
2020-05-04 18:40:36,924800,924826,2020-05-04 18:40:36.104
2020-05-04 18:40:36,924800,925113,2020-05-04 18:40:36.683
2020-05-04 18:40:37,924800,925113,2020-05-04 18:40:37.707
2020-05-04 18:40:38,924800,924956,2020-05-04 18:40:38.276
2020-05-04 18:40:39,924800,924956,2020-05-04 18:40:39.078
2020-05-04 18:40:39,924800,924938,2020-05-04 18:40:39.609
2020-05-04 18:40:40,924938,925017,2020-05-04 18:40:40.288
2020-05-04 18:40:40,924800,925017,2020-05-04 18:40:40.806
2020-05-04 18:40:41,924800,925017,2020-05-04 18:40:41.310
2020-05-04 18:40:42,924821,925016,2020-05-04 18:40:42.086
2020-05-04 18:40:43,924821,925016,2020-05-04 18:40:43.099
2020-05-04 18:40:43,924826,925016,2020-05-04 18:40:43.629
2020-05-04 18:40:44,924826,925103,2020-05-04 18:40:44.255
2020-05-04 18:40:45,924805,925136,2020-05-04 18:40:45.211
2020-05-04 18:40:45,925157,925162,2020-05-04 18:40:45.728
2020-05-04 18:40:46,925256,925391,2020-05-04 18:40:46.256
2020-05-04 18:40:46,925261,925441,2020-05-04 18:40:46.766
2020-05-04 18:40:47,925163,925441,2020-05-04 18:40:47.325
2020-05-04 18:40:47,925164,925441,2020-05-04 18:40:47.976
2020-05-04 18:40:49,925164,925513,2020-05-04 18:40:49.321
2020-05-04 18:40:50,925196,925492,2020-05-04 18:40:50.289
2020-05-04 18:40:52,925201,925492,2020-05-04 18:40:52.610
2020-05-04 18:40:53,924961,925491,2020-05-04 18:40:53.137
2020-05-04 18:40:53,924982,925491,2020-05-04 18:40:53.652
2020-05-04 18:40:54,924982,925491,2020-05-04 18:40:54.194
2020-05-04 18:40:54,924989,925490,2020-05-04 18:40:54.837
2020-05-04 18:40:55,924990,925490,2020-05-04 18:40:55.616
2020-05-04 18:40:56,924996,925488,2020-05-04 18:40:56.642
2020-05-04 18:40:57,925007,925482,2020-05-04 18:40:57.214
2020-05-04 18:40:57,925008,925482,2020-05-04 18:40:57.726
2020-05-04 18:40:58,925029,925448,2020-05-04 18:40:58.295
2020-05-04 18:40:59,925030,925447,2020-05-04 18:40:59.256
2020-05-04 18:40:59,925038,925444,2020-05-04 18:40:59.883
2020-05-04 18:41:00,925038,925443,2020-05-04 18:41:00.449
2020-05-04 18:41:01,925038,925443,2020-05-04 18:41:01.084
2020-05-04 18:41:01,925038,925344,2020-05-04 18:41:01.824
2020-05-04 18:41:02,924955,925014,2020-05-04 18:41:02.581
2020-05-04 18:41:03,924955,925014,2020-05-04 18:41:03.241
2020-05-04 18:41:03,924950,925181,2020-05-04 18:41:03.804
2020-05-04 18:41:04,924955,925180,2020-05-04 18:41:04.637
2020-05-04 18:41:05,924826,925163,2020-05-04 18:41:05.178
2020-05-04 18:41:06,924826,925163,2020-05-04 18:41:06.018
2020-05-04 18:41:06,924831,925163,2020-05-04 18:41:06.548
2020-05-04 18:41:07,924826,925155,2020-05-04 18:41:07.074
2020-05-04 18:41:07,924831,925154,2020-05-04 18:41:07.648
2020-05-04 18:41:08,924826,925155,2020-05-04 18:41:08.296
2020-05-04 18:41:08,924831,925325,2020-05-04 18:41:08.825
2020-05-04 18:41:09,924826,925154,2020-05-04 18:41:09.496
2020-05-04 18:41:10,924827,925154,2020-05-04 18:41:10.016
2020-05-04 18:41:10,924800,925154,2020-05-04 18:41:10.528
2020-05-04 18:41:11,924805,925154,2020-05-04 18:41:11.048
2020-05-04 18:41:11,924826,925154,2020-05-04 18:41:11.594
2020-05-04 18:41:12,924831,925154,2020-05-04 18:41:12.404
2020-05-04 18:41:12,924831,925153,2020-05-04 18:41:12.957
2020-05-04 18:41:13,924800,925153,2020-05-04 18:41:13.483
2020-05-04 18:41:14,924800,925151,2020-05-04 18:41:14.010
2020-05-04 18:41:14,924805,925151,2020-05-04 18:41:14.564
2020-05-04 18:41:15,924800,925144,2020-05-04 18:41:15.079
2020-05-04 18:41:15,924800,925144,2020-05-04 18:41:15.625
2020-05-04 18:41:16,924821,925143,2020-05-04 18:41:16.153
2020-05-04 18:41:16,924821,925132,2020-05-04 18:41:16.741
2020-05-04 18:41:17,924826,925132,2020-05-04 18:41:17.770
2020-05-04 18:41:18,924832,925128,2020-05-04 18:41:18.433
2020-05-04 18:41:18,924833,925128,2020-05-04 18:41:18.951
2020-05-04 18:41:19,924838,925128,2020-05-04 18:41:19.488
2020-05-04 18:41:20,924864,925286,2020-05-04 18:41:20.028
2020-05-04 18:41:20,924864,925286,2020-05-04 18:41:20.817
2020-05-04 18:41:21,924864,925308,2020-05-04 18:41:21.331
2020-05-04 18:41:21,924865,925308,2020-05-04 18:41:21.898
2020-05-04 18:41:22,924865,925308,2020-05-04 18:41:22.740
2020-05-04 18:41:23,924873,925301,2020-05-04 18:41:23.270
2020-05-04 18:41:24,924873,925301,2020-05-04 18:41:24.519
2020-05-04 18:41:25,925422,925685,2020-05-04 18:41:25.048
2020-05-04 18:41:25,925396,925698,2020-05-04 18:41:25.581
2020-05-04 18:41:26,925455,925832,2020-05-04 18:41:26.109
2020-05-04 18:41:26,925455,925907,2020-05-04 18:41:26.633
2020-05-04 18:41:27,925639,926070,2020-05-04 18:41:27.308
2020-05-04 18:41:27,926069,926070,2020-05-04 18:41:27.840
2020-05-04 18:41:30,925714,926067,2020-05-04 18:41:30.829
2020-05-04 18:41:31,925714,926067,2020-05-04 18:41:31.407
2020-05-04 18:41:31,925714,926067,2020-05-04 18:41:31.913
2020-05-04 18:41:33,925658,926065,2020-05-04 18:41:33.399
2020-05-04 18:41:33,925656,926064,2020-05-04 18:41:33.962
2020-05-04 18:41:34,925613,925949,2020-05-04 18:41:34.589
2020-05-04 18:41:35,925613,925948,2020-05-04 18:41:35.338
2020-05-04 18:41:35,925613,925947,2020-05-04 18:41:35.860
2020-05-04 18:41:36,925613,925947,2020-05-04 18:41:36.402
2020-05-04 18:41:37,925613,925947,2020-05-04 18:41:37.254
2020-05-04 18:41:37,925549,925946,2020-05-04 18:41:37.785
2020-05-04 18:41:38,925550,925946,2020-05-04 18:41:38.296
2020-05-04 18:41:38,925555,925944,2020-05-04 18:41:38.835
2020-05-04 18:41:39,925549,925943,2020-05-04 18:41:39.507
2020-05-04 18:41:40,925555,926061,2020-05-04 18:41:40.217
2020-05-04 18:41:40,926134,926259,2020-05-04 18:41:40.768
2020-05-04 18:41:41,926134,926293,2020-05-04 18:41:41.296
2020-05-04 18:41:42,926134,926293,2020-05-04 18:41:42.227
2020-05-04 18:41:42,926134,926292,2020-05-04 18:41:42.738
2020-05-04 18:41:43,926027,926287,2020-05-04 18:41:43.961
2020-05-04 18:41:44,926027,926287,2020-05-04 18:41:44.493
2020-05-04 18:41:44,926027,926287,2020-05-04 18:41:44.994
2020-05-04 18:41:46,926027,926287,2020-05-04 18:41:46.126
2020-05-04 18:41:46,926027,926214,2020-05-04 18:41:46.652
2020-05-04 18:41:47,926027,926209,2020-05-04 18:41:47.164
2020-05-04 18:41:47,926027,926209,2020-05-04 18:41:47.692
2020-05-04 18:41:48,926027,926208,2020-05-04 18:41:48.220
2020-05-04 18:41:49,926027,926208,2020-05-04 18:41:49.408
2020-05-04 18:41:49,926027,926073,2020-05-04 18:41:49.938
2020-05-04 18:41:50,926027,926073,2020-05-04 18:41:50.777
2020-05-04 18:41:51,926027,926200,2020-05-04 18:41:51.283
2020-05-04 18:41:51,926048,926255,2020-05-04 18:41:51.829
2020-05-04 18:41:52,926048,926255,2020-05-04 18:41:52.826
2020-05-04 18:41:53,926105,926290,2020-05-04 18:41:53.403
2020-05-04 18:41:53,926105,926294,2020-05-04 18:41:53.914
2020-05-04 18:41:54,926130,926295,2020-05-04 18:41:54.437
2020-05-04 18:41:54,926295,926453,2020-05-04 18:41:54.974
2020-05-04 18:41:55,926136,926453,2020-05-04 18:41:55.489
2020-05-04 18:41:56,926283,926436,2020-05-04 18:41:56.006
2020-05-04 18:41:56,926283,926436,2020-05-04 18:41:56.622
2020-05-04 18:41:57,926304,926436,2020-05-04 18:41:57.813
2020-05-04 18:41:58,926304,926436,2020-05-04 18:41:58.529
2020-05-04 18:41:59,926284,926431,2020-05-04 18:41:59.037
2020-05-04 18:41:59,926321,926436,2020-05-04 18:41:59.587
2020-05-04 18:42:00,926326,926436,2020-05-04 18:42:00.097
2020-05-04 18:42:00,926327,926770,2020-05-04 18:42:00.604
2020-05-04 18:42:01,926428,926498,2020-05-04 18:42:01.128
2020-05-04 18:42:01,926428,926498,2020-05-04 18:42:01.685
2020-05-04 18:42:02,926498,926770,2020-05-04 18:42:02.218
2020-05-04 18:42:02,926528,926999,2020-05-04 18:42:02.737
2020-05-04 18:42:03,926528,926999,2020-05-04 18:42:03.277
2020-05-04 18:42:03,926529,926978,2020-05-04 18:42:03.842
2020-05-04 18:42:04,926530,926973,2020-05-04 18:42:04.359
2020-05-04 18:42:04,926530,926973,2020-05-04 18:42:04.967
2020-05-04 18:42:05,926530,926973,2020-05-04 18:42:05.506
2020-05-04 18:42:06,926533,926973,2020-05-04 18:42:06.160
2020-05-04 18:42:07,926530,926956,2020-05-04 18:42:07.209
2020-05-04 18:42:07,926431,926531,2020-05-04 18:42:07.724
2020-05-04 18:42:08,926330,926741,2020-05-04 18:42:08.272
2020-05-04 18:42:08,926387,926741,2020-05-04 18:42:08.784
2020-05-04 18:42:09,926387,926720,2020-05-04 18:42:09.661
2020-05-04 18:42:10,926387,926715,2020-05-04 18:42:10.228
2020-05-04 18:42:10,926387,926715,2020-05-04 18:42:10.772
2020-05-04 18:42:11,926387,926715,2020-05-04 18:42:11.293
2020-05-04 18:42:11,926388,926717,2020-05-04 18:42:11.855
2020-05-04 18:42:12,926427,926757,2020-05-04 18:42:12.362
2020-05-04 18:42:12,926427,926757,2020-05-04 18:42:12.873
2020-05-04 18:42:13,926427,926757,2020-05-04 18:42:13.408
2020-05-04 18:42:14,926427,926757,2020-05-04 18:42:14.052
2020-05-04 18:42:14,926427,926757,2020-05-04 18:42:14.686
2020-05-04 18:42:15,926427,926731,2020-05-04 18:42:15.207
2020-05-04 18:42:15,926428,926867,2020-05-04 18:42:15.720
2020-05-04 18:42:16,926435,926867,2020-05-04 18:42:16.263
2020-05-04 18:42:16,926435,926846,2020-05-04 18:42:16.825
2020-05-04 18:42:17,926440,926846,2020-05-04 18:42:17.397
2020-05-04 18:42:17,926440,926841,2020-05-04 18:42:17.911
2020-05-04 18:42:18,926448,926846,2020-05-04 18:42:18.539
2020-05-04 18:42:19,926545,926840,2020-05-04 18:42:19.094
2020-05-04 18:42:19,926545,926840,2020-05-04 18:42:19.650
2020-05-04 18:42:20,926545,926840,2020-05-04 18:42:20.268
2020-05-04 18:42:20,926846,926867,2020-05-04 18:42:20.975
2020-05-04 18:42:21,926846,926867,2020-05-04 18:42:21.614
2020-05-04 18:42:22,926846,926855,2020-05-04 18:42:22.261
2020-05-04 18:42:22,926846,926855,2020-05-04 18:42:22.777
2020-05-04 18:42:23,926846,926867,2020-05-04 18:42:23.498
2020-05-04 18:42:24,926846,926867,2020-05-04 18:42:24.034
2020-05-04 18:42:24,926846,926867,2020-05-04 18:42:24.555
2020-05-04 18:42:25,926846,926867,2020-05-04 18:42:25.310
2020-05-04 18:42:25,926846,926997,2020-05-04 18:42:25.829
2020-05-04 18:42:26,926846,926997,2020-05-04 18:42:26.368
2020-05-04 18:42:26,926846,926997,2020-05-04 18:42:26.901
2020-05-04 18:42:28,926846,926997,2020-05-04 18:42:28.169
2020-05-04 18:42:28,926846,926997,2020-05-04 18:42:28.696
2020-05-04 18:42:29,926846,926997,2020-05-04 18:42:29.253
2020-05-04 18:42:30,926846,926997,2020-05-04 18:42:30.555
2020-05-04 18:42:31,926846,926996,2020-05-04 18:42:31.827
2020-05-04 18:42:34,926846,926975,2020-05-04 18:42:34.397
2020-05-04 18:42:34,926846,926975,2020-05-04 18:42:34.916
2020-05-04 18:42:35,926846,926975,2020-05-04 18:42:35.507
2020-05-04 18:42:36,926846,926997,2020-05-04 18:42:36.142
2020-05-04 18:42:36,926846,926997,2020-05-04 18:42:36.658
2020-05-04 18:42:37,926846,926997,2020-05-04 18:42:37.206
2020-05-04 18:42:37,926846,926976,2020-05-04 18:42:37.729
2020-05-04 18:42:38,926846,926976,2020-05-04 18:42:38.236
2020-05-04 18:42:38,926846,926997,2020-05-04 18:42:38.831
2020-05-04 18:42:39,926847,927000,2020-05-04 18:42:39.348
2020-05-04 18:42:39,926847,927000,2020-05-04 18:42:39.915
2020-05-04 18:42:41,926852,927000,2020-05-04 18:42:41.495
2020-05-04 18:42:42,926846,927000,2020-05-04 18:42:42.016
2020-05-04 18:42:42,926867,927000,2020-05-04 18:42:42.557
2020-05-04 18:42:43,926872,927000,2020-05-04 18:42:43.157
2020-05-04 18:42:44,926867,927000,2020-05-04 18:42:44.033
2020-05-04 18:42:44,926872,926994,2020-05-04 18:42:44.769
2020-05-04 18:42:46,926872,926994,2020-05-04 18:42:45.550
2020-05-04 18:42:47,926317,926994,2020-05-04 18:42:47.214
2020-05-04 18:42:47,926362,926810,2020-05-04 18:42:47.801
2020-05-04 18:42:48,926362,926733,2020-05-04 18:42:48.365
2020-05-04 18:42:48,926362,926809,2020-05-04 18:42:48.886
2020-05-04 18:42:49,926362,926464,2020-05-04 18:42:49.406
2020-05-04 18:42:49,926362,926464,2020-05-04 18:42:49.936
2020-05-04 18:42:50,926125,926805,2020-05-04 18:42:50.488
2020-05-04 18:42:51,926127,926583,2020-05-04 18:42:51.035
2020-05-04 18:42:52,926127,926583,2020-05-04 18:42:52.384
2020-05-04 18:42:52,926140,926583,2020-05-04 18:42:52.922
2020-05-04 18:42:53,926141,926583,2020-05-04 18:42:53.441
2020-05-04 18:42:53,926143,926583,2020-05-04 18:42:53.946
2020-05-04 18:42:54,926150,926583,2020-05-04 18:42:54.466
2020-05-04 18:42:55,926150,926934,2020-05-04 18:42:55.000
2020-05-04 18:42:55,926660,926933,2020-05-04 18:42:55.504
2020-05-04 18:42:56,926660,926933,2020-05-04 18:42:56.033
2020-05-04 18:42:56,926661,926912,2020-05-04 18:42:56.824
2020-05-04 18:42:57,926666,926912,2020-05-04 18:42:57.332
2020-05-04 18:42:57,926667,926912,2020-05-04 18:42:57.836
2020-05-04 18:42:58,926672,926912,2020-05-04 18:42:58.434
2020-05-04 18:42:58,926672,926912,2020-05-04 18:42:58.960
2020-05-04 18:42:59,926678,926912,2020-05-04 18:42:59.495
2020-05-04 18:43:00,926583,926912,2020-05-04 18:43:00.105
2020-05-04 18:43:00,926587,926912,2020-05-04 18:43:00.636
2020-05-04 18:43:01,926592,926912,2020-05-04 18:43:01.713
2020-05-04 18:43:02,926593,926911,2020-05-04 18:43:02.221
2020-05-04 18:43:02,926601,926906,2020-05-04 18:43:02.773
2020-05-04 18:43:03,926601,926911,2020-05-04 18:43:03.306
2020-05-04 18:43:04,926606,926906,2020-05-04 18:43:04.539
2020-05-04 18:43:05,926618,926914,2020-05-04 18:43:05.072
2020-05-04 18:43:05,926618,926893,2020-05-04 18:43:05.901
2020-05-04 18:43:06,926619,926892,2020-05-04 18:43:06.446
2020-05-04 18:43:06,926630,926887,2020-05-04 18:43:06.958
2020-05-04 18:43:08,926630,926892,2020-05-04 18:43:07.866
2020-05-04 18:43:09,926634,926886,2020-05-04 18:43:09.045
2020-05-04 18:43:09,926635,926864,2020-05-04 18:43:09.585
2020-05-04 18:43:10,926632,926859,2020-05-04 18:43:10.096
2020-05-04 18:43:11,926635,926859,2020-05-04 18:43:11.003
2020-05-04 18:43:11,926638,926859,2020-05-04 18:43:11.522
2020-05-04 18:43:12,926637,926862,2020-05-04 18:43:12.760
2020-05-04 18:43:13,926628,926857,2020-05-04 18:43:13.305
2020-05-04 18:43:13,926628,926831,2020-05-04 18:43:13.865
2020-05-04 18:43:14,926628,926831,2020-05-04 18:43:14.759
2020-05-04 18:43:15,926628,926830,2020-05-04 18:43:15.283
2020-05-04 18:43:15,926628,926831,2020-05-04 18:43:15.843
2020-05-04 18:43:16,926628,926827,2020-05-04 18:43:16.562
2020-05-04 18:43:17,926628,926806,2020-05-04 18:43:17.272
2020-05-04 18:43:17,926628,926801,2020-05-04 18:43:17.820
2020-05-04 18:43:18,926628,926579,2020-05-04 18:43:18.394
2020-05-04 18:43:20,926628,926579,2020-05-04 18:43:20.253
2020-05-04 18:43:20,926628,926769,2020-05-04 18:43:20.771
2020-05-04 18:43:21,926628,926769,2020-05-04 18:43:21.334
2020-05-04 18:43:21,926628,926761,2020-05-04 18:43:21.840
2020-05-04 18:43:22,926628,926760,2020-05-04 18:43:22.379
2020-05-04 18:43:23,926628,926755,2020-05-04 18:43:22.909
2020-05-04 18:43:23,926628,926755,2020-05-04 18:43:23.545
2020-05-04 18:43:24,926628,926751,2020-05-04 18:43:24.119
2020-05-04 18:43:24,926628,926751,2020-05-04 18:43:24.842
2020-05-04 18:43:25,926628,926724,2020-05-04 18:43:25.548
2020-05-04 18:43:26,926628,926724,2020-05-04 18:43:26.114
2020-05-04 18:43:26,926628,926724,2020-05-04 18:43:26.636
2020-05-04 18:43:27,926628,926722,2020-05-04 18:43:27.267
2020-05-04 18:43:27,926628,926789,2020-05-04 18:43:27.785
2020-05-04 18:43:28,926628,926789,2020-05-04 18:43:28.309
2020-05-04 18:43:28,926628,926763,2020-05-04 18:43:28.831
2020-05-04 18:43:29,926628,926760,2020-05-04 18:43:29.348
2020-05-04 18:43:29,926217,926751,2020-05-04 18:43:29.886
2020-05-04 18:43:30,926217,926750,2020-05-04 18:43:30.411
2020-05-04 18:43:30,926217,926587,2020-05-04 18:43:30.964
2020-05-04 18:43:31,926191,926582,2020-05-04 18:43:31.761
2020-05-04 18:43:32,926043,926560,2020-05-04 18:43:32.369
2020-05-04 18:43:32,926045,926470,2020-05-04 18:43:32.898
2020-05-04 18:43:33,926046,926465,2020-05-04 18:43:33.566
2020-05-04 18:43:34,926047,926463,2020-05-04 18:43:34.096
2020-05-04 18:43:34,926048,926463,2020-05-04 18:43:34.630
2020-05-04 18:43:35,926049,926455,2020-05-04 18:43:35.171
2020-05-04 18:43:35,926050,926455,2020-05-04 18:43:35.693
2020-05-04 18:43:36,925989,926050,2020-05-04 18:43:36.220
2020-05-04 18:43:36,926051,926236,2020-05-04 18:43:36.793
2020-05-04 18:43:37,925989,926205,2020-05-04 18:43:37.398
2020-05-04 18:43:38,925989,926204,2020-05-04 18:43:38.012
2020-05-04 18:43:38,925966,925984,2020-05-04 18:43:38.523
2020-05-04 18:43:39,925966,925984,2020-05-04 18:43:39.084
2020-05-04 18:43:39,925966,925984,2020-05-04 18:43:39.665
2020-05-04 18:43:40,925966,925984,2020-05-04 18:43:40.215
2020-05-04 18:43:40,925966,926151,2020-05-04 18:43:40.735
2020-05-04 18:43:41,925966,926151,2020-05-04 18:43:41.525
2020-05-04 18:43:42,925966,926145,2020-05-04 18:43:42.122
2020-05-04 18:43:42,925966,926145,2020-05-04 18:43:42.803
2020-05-04 18:43:43,925966,926143,2020-05-04 18:43:43.315
2020-05-04 18:43:43,925966,926141,2020-05-04 18:43:43.851
2020-05-04 18:43:44,925966,926135,2020-05-04 18:43:44.466
2020-05-04 18:43:45,925966,926114,2020-05-04 18:43:45.223
2020-05-04 18:43:45,925791,926107,2020-05-04 18:43:45.760
2020-05-04 18:43:46,925791,926107,2020-05-04 18:43:46.510
2020-05-04 18:43:47,925704,926105,2020-05-04 18:43:47.526
2020-05-04 18:43:48,925704,926100,2020-05-04 18:43:48.089
2020-05-04 18:43:48,925705,925792,2020-05-04 18:43:48.612
2020-05-04 18:43:49,925705,925792,2020-05-04 18:43:49.938
2020-05-04 18:43:50,925579,925792,2020-05-04 18:43:50.610
2020-05-04 18:43:51,925718,925792,2020-05-04 18:43:51.156
2020-05-04 18:43:51,925723,925792,2020-05-04 18:43:51.666
2020-05-04 18:43:52,925723,925792,2020-05-04 18:43:52.778
2020-05-04 18:43:53,925710,925792,2020-05-04 18:43:53.287
2020-05-04 18:43:53,925711,926047,2020-05-04 18:43:53.953
2020-05-04 18:43:54,925716,926046,2020-05-04 18:43:54.487
2020-05-04 18:43:55,925716,926045,2020-05-04 18:43:55.027
2020-05-04 18:43:55,925716,926044,2020-05-04 18:43:55.541
2020-05-04 18:43:56,925717,926044,2020-05-04 18:43:56.061
2020-05-04 18:43:56,925722,926044,2020-05-04 18:43:56.588
2020-05-04 18:43:57,925698,926043,2020-05-04 18:43:57.145
2020-05-04 18:43:57,925698,926044,2020-05-04 18:43:57.799
2020-05-04 18:43:58,925704,926087,2020-05-04 18:43:58.316
2020-05-04 18:43:58,925704,926087,2020-05-04 18:43:58.932
2020-05-04 18:43:59,925704,926087,2020-05-04 18:43:59.550
2020-05-04 18:44:00,925705,926086,2020-05-04 18:44:00.286
2020-05-04 18:44:00,925705,926086,2020-05-04 18:44:00.834
2020-05-04 18:44:01,925705,926084,2020-05-04 18:44:01.417
2020-05-04 18:44:02,925711,926084,2020-05-04 18:44:02.086
2020-05-04 18:44:02,925716,926083,2020-05-04 18:44:02.756
2020-05-04 18:44:03,925689,926083,2020-05-04 18:44:03.667
2020-05-04 18:44:04,925689,926050,2020-05-04 18:44:04.177
2020-05-04 18:44:04,925663,926042,2020-05-04 18:44:04.829
2020-05-04 18:44:05,925668,926042,2020-05-04 18:44:05.339
2020-05-04 18:44:05,925668,926034,2020-05-04 18:44:05.979
2020-05-04 18:44:06,925638,926033,2020-05-04 18:44:06.505
2020-05-04 18:44:07,925638,926033,2020-05-04 18:44:07.842
2020-05-04 18:44:08,925595,926010,2020-05-04 18:44:08.844
2020-05-04 18:44:09,925596,926011,2020-05-04 18:44:09.660
2020-05-04 18:44:10,925601,926033,2020-05-04 18:44:10.170
2020-05-04 18:44:10,925595,926085,2020-05-04 18:44:10.724
2020-05-04 18:44:11,925602,926064,2020-05-04 18:44:11.236
2020-05-04 18:44:11,925608,926064,2020-05-04 18:44:11.758
2020-05-04 18:44:12,925608,926064,2020-05-04 18:44:12.294
2020-05-04 18:44:12,925613,926064,2020-05-04 18:44:12.861
2020-05-04 18:44:13,925614,926148,2020-05-04 18:44:13.474
2020-05-04 18:44:14,925616,926146,2020-05-04 18:44:14.017
2020-05-04 18:44:14,925616,926146,2020-05-04 18:44:14.523
2020-05-04 18:44:15,925622,926154,2020-05-04 18:44:15.120
2020-05-04 18:44:15,925622,926153,2020-05-04 18:44:15.658
2020-05-04 18:44:16,925628,926153,2020-05-04 18:44:16.400
2020-05-04 18:44:16,925631,926151,2020-05-04 18:44:16.924
2020-05-04 18:44:17,925637,926150,2020-05-04 18:44:17.451
2020-05-04 18:44:17,925637,926149,2020-05-04 18:44:17.970
2020-05-04 18:44:18,925643,926148,2020-05-04 18:44:18.507
2020-05-04 18:44:19,925643,926147,2020-05-04 18:44:19.220
2020-05-04 18:44:19,925648,926146,2020-05-04 18:44:19.768
2020-05-04 18:44:20,925654,926145,2020-05-04 18:44:20.853
2020-05-04 18:44:21,925656,926123,2020-05-04 18:44:21.401
2020-05-04 18:44:21,925662,926122,2020-05-04 18:44:21.928
2020-05-04 18:44:22,925662,926122,2020-05-04 18:44:22.814
2020-05-04 18:44:23,925541,926122,2020-05-04 18:44:23.341
2020-05-04 18:44:23,925547,926122,2020-05-04 18:44:23.898
2020-05-04 18:44:24,925567,926122,2020-05-04 18:44:24.405
2020-05-04 18:44:24,925574,926122,2020-05-04 18:44:24.931
2020-05-04 18:44:25,925578,926122,2020-05-04 18:44:25.630
2020-05-04 18:44:26,925587,926122,2020-05-04 18:44:26.166
2020-05-04 18:44:27,925588,926122,2020-05-04 18:44:27.336
2020-05-04 18:44:27,925595,926122,2020-05-04 18:44:27.879
2020-05-04 18:44:28,925616,926122,2020-05-04 18:44:28.483
2020-05-04 18:44:29,925622,926122,2020-05-04 18:44:29.057
2020-05-04 18:44:30,925627,926122,2020-05-04 18:44:30.221
2020-05-04 18:44:30,925635,926122,2020-05-04 18:44:30.895
2020-05-04 18:44:31,925640,926122,2020-05-04 18:44:31.431
2020-05-04 18:44:32,925640,926122,2020-05-04 18:44:32.014
2020-05-04 18:44:32,925641,926101,2020-05-04 18:44:32.518
2020-05-04 18:44:33,925649,926100,2020-05-04 18:44:33.037
2020-05-04 18:44:33,925649,926100,2020-05-04 18:44:33.675
2020-05-04 18:44:34,925650,926100,2020-05-04 18:44:34.357
2020-05-04 18:44:35,925658,926100,2020-05-04 18:44:35.239
2020-05-04 18:44:36,925666,926100,2020-05-04 18:44:36.222
2020-05-04 18:44:36,925672,926078,2020-05-04 18:44:36.803
2020-05-04 18:44:37,925676,926078,2020-05-04 18:44:37.356
2020-05-04 18:44:37,925677,926078,2020-05-04 18:44:37.930
2020-05-04 18:44:38,925684,926166,2020-05-04 18:44:38.468
2020-05-04 18:44:38,926079,926269,2020-05-04 18:44:38.987
2020-05-04 18:44:39,926365,926481,2020-05-04 18:44:39.504
2020-05-04 18:44:40,926358,926481,2020-05-04 18:44:40.023
2020-05-04 18:44:40,926671,926799,2020-05-04 18:44:40.542
2020-05-04 18:44:41,926667,926799,2020-05-04 18:44:41.118
2020-05-04 18:44:41,926666,926799,2020-05-04 18:44:41.827
2020-05-04 18:44:42,926800,926809,2020-05-04 18:44:42.349
2020-05-04 18:44:42,926676,926809,2020-05-04 18:44:42.893
2020-05-04 18:44:43,926676,926809,2020-05-04 18:44:43.529
2020-05-04 18:44:44,926681,926809,2020-05-04 18:44:44.603
2020-05-04 18:44:45,926684,926891,2020-05-04 18:44:45.137
2020-05-04 18:44:45,926684,926891,2020-05-04 18:44:45.723
2020-05-04 18:44:46,926688,926891,2020-05-04 18:44:46.284
2020-05-04 18:44:46,926695,926891,2020-05-04 18:44:46.806
2020-05-04 18:44:47,926695,926891,2020-05-04 18:44:47.321
2020-05-04 18:44:48,926703,926891,2020-05-04 18:44:48.769
2020-05-04 18:44:50,926666,926698,2020-05-04 18:44:50.509
2020-05-04 18:44:51,926666,926697,2020-05-04 18:44:51.017
2020-05-04 18:44:52,926666,926693,2020-05-04 18:44:52.766
2020-05-04 18:44:53,926666,926693,2020-05-04 18:44:53.363
2020-05-04 18:44:53,926666,926693,2020-05-04 18:44:53.918
2020-05-04 18:44:54,926666,926692,2020-05-04 18:44:54.422
2020-05-04 18:44:55,926666,926692,2020-05-04 18:44:55.020
2020-05-04 18:44:55,926666,926693,2020-05-04 18:44:55.570
2020-05-04 18:44:56,926441,926693,2020-05-04 18:44:56.307
2020-05-04 18:44:56,926468,926693,2020-05-04 18:44:56.818
2020-05-04 18:44:57,926468,926693,2020-05-04 18:44:57.719
2020-05-04 18:44:58,926474,926698,2020-05-04 18:44:58.240
2020-05-04 18:44:59,926796,926891,2020-05-04 18:44:59.109
2020-05-04 18:44:59,926814,926891,2020-05-04 18:44:59.616
2020-05-04 18:45:00,926805,926995,2020-05-04 18:45:00.124
2020-05-04 18:45:00,926820,926995,2020-05-04 18:45:00.691
2020-05-04 18:45:01,927008,927494,2020-05-04 18:45:01.237
2020-05-04 18:45:01,927029,927520,2020-05-04 18:45:01.745
2020-05-04 18:45:02,927030,927521,2020-05-04 18:45:02.268
2020-05-04 18:45:02,927030,927521,2020-05-04 18:45:02.831
2020-05-04 18:45:03,927189,927521,2020-05-04 18:45:03.336
2020-05-04 18:45:03,927747,927870,2020-05-04 18:45:03.864
2020-05-04 18:45:04,927389,927870,2020-05-04 18:45:04.370
2020-05-04 18:45:04,927520,927701,2020-05-04 18:45:04.888
2020-05-04 18:45:05,927520,927701,2020-05-04 18:45:05.518
2020-05-04 18:45:06,927546,927696,2020-05-04 18:45:06.042
2020-05-04 18:45:06,927541,927701,2020-05-04 18:45:06.559
2020-05-04 18:45:07,927546,927701,2020-05-04 18:45:07.063
2020-05-04 18:45:07,927482,927701,2020-05-04 18:45:07.593
2020-05-04 18:45:08,927386,927701,2020-05-04 18:45:08.134
2020-05-04 18:45:08,927251,927701,2020-05-04 18:45:08.657
2020-05-04 18:45:09,927343,927701,2020-05-04 18:45:09.290
2020-05-04 18:45:09,927280,927701,2020-05-04 18:45:09.809
2020-05-04 18:45:10,927280,927696,2020-05-04 18:45:10.361
2020-05-04 18:45:11,927280,927691,2020-05-04 18:45:11.693
2020-05-04 18:45:12,927280,927689,2020-05-04 18:45:12.201
2020-05-04 18:45:12,927247,927590,2020-05-04 18:45:12.717
2020-05-04 18:45:13,927240,927585,2020-05-04 18:45:13.258
2020-05-04 18:45:13,927245,927589,2020-05-04 18:45:13.797
2020-05-04 18:45:14,927240,927588,2020-05-04 18:45:14.357
2020-05-04 18:45:14,927259,927587,2020-05-04 18:45:14.892
2020-05-04 18:45:15,927260,927587,2020-05-04 18:45:15.403
2020-05-04 18:45:17,927265,927647,2020-05-04 18:45:17.105
2020-05-04 18:45:17,927266,927640,2020-05-04 18:45:17.681
2020-05-04 18:45:18,927271,927631,2020-05-04 18:45:18.345
2020-05-04 18:45:18,927056,927631,2020-05-04 18:45:18.939
2020-05-04 18:45:19,927058,927631,2020-05-04 18:45:19.734
2020-05-04 18:45:20,927062,927631,2020-05-04 18:45:20.783
2020-05-04 18:45:21,927088,927636,2020-05-04 18:45:21.295
2020-05-04 18:45:21,927211,927636,2020-05-04 18:45:21.831
2020-05-04 18:45:22,927211,927636,2020-05-04 18:45:22.368
2020-05-04 18:45:22,927216,927636,2020-05-04 18:45:22.903
2020-05-04 18:45:23,927216,927636,2020-05-04 18:45:23.623
2020-05-04 18:45:24,926995,927587,2020-05-04 18:45:24.218
2020-05-04 18:45:24,926995,927584,2020-05-04 18:45:24.722
2020-05-04 18:45:25,927016,927580,2020-05-04 18:45:25.233
2020-05-04 18:45:25,927018,927580,2020-05-04 18:45:25.793
2020-05-04 18:45:26,927018,927580,2020-05-04 18:45:26.537
2020-05-04 18:45:27,927028,927568,2020-05-04 18:45:27.059
2020-05-04 18:45:27,927029,927568,2020-05-04 18:45:27.761
2020-05-04 18:45:28,927118,927568,2020-05-04 18:45:28.279
2020-05-04 18:45:28,927119,927568,2020-05-04 18:45:28.837
2020-05-04 18:45:29,927230,927727,2020-05-04 18:45:29.377
2020-05-04 18:45:30,927231,927726,2020-05-04 18:45:29.897
2020-05-04 18:45:31,927233,927721,2020-05-04 18:45:31.030
2020-05-04 18:45:31,927308,927890,2020-05-04 18:45:31.824
2020-05-04 18:45:32,927310,927890,2020-05-04 18:45:32.368
2020-05-04 18:45:32,927310,927890,2020-05-04 18:45:32.932
2020-05-04 18:45:33,927331,927890,2020-05-04 18:45:33.446
2020-05-04 18:45:33,927333,927930,2020-05-04 18:45:33.960
2020-05-04 18:45:34,927341,927924,2020-05-04 18:45:34.552
2020-05-04 18:45:35,927341,927924,2020-05-04 18:45:35.218
2020-05-04 18:45:35,927347,927919,2020-05-04 18:45:35.830
2020-05-04 18:45:36,927353,927917,2020-05-04 18:45:36.370
2020-05-04 18:45:36,927374,927909,2020-05-04 18:45:36.908
2020-05-04 18:45:37,927375,927908,2020-05-04 18:45:37.423
2020-05-04 18:45:37,927381,927909,2020-05-04 18:45:37.947
2020-05-04 18:45:38,927381,927909,2020-05-04 18:45:38.483
2020-05-04 18:45:38,927394,927900,2020-05-04 18:45:38.995
2020-05-04 18:45:39,927395,927893,2020-05-04 18:45:39.864
2020-05-04 18:45:41,927406,927892,2020-05-04 18:45:41.039
2020-05-04 18:45:41,927406,927892,2020-05-04 18:45:41.750
2020-05-04 18:45:42,927414,927870,2020-05-04 18:45:42.338
2020-05-04 18:45:42,927419,927871,2020-05-04 18:45:42.888
2020-05-04 18:45:43,927425,927951,2020-05-04 18:45:43.420
2020-05-04 18:45:43,927510,927951,2020-05-04 18:45:43.947
2020-05-04 18:45:44,927511,928055,2020-05-04 18:45:44.452
2020-05-04 18:45:45,927517,928033,2020-05-04 18:45:45.197
2020-05-04 18:45:45,927518,928025,2020-05-04 18:45:45.704
2020-05-04 18:45:46,927519,928012,2020-05-04 18:45:46.235
2020-05-04 18:45:46,927524,927997,2020-05-04 18:45:46.838
2020-05-04 18:45:47,927526,927996,2020-05-04 18:45:47.826
2020-05-04 18:45:48,927534,928004,2020-05-04 18:45:48.336
2020-05-04 18:45:49,927556,928005,2020-05-04 18:45:49.212
2020-05-04 18:45:49,927563,928088,2020-05-04 18:45:49.735
2020-05-04 18:45:50,927563,928064,2020-05-04 18:45:50.255
2020-05-04 18:45:50,927568,928076,2020-05-04 18:45:50.909
2020-05-04 18:45:51,927571,928080,2020-05-04 18:45:51.493
2020-05-04 18:45:52,927574,928080,2020-05-04 18:45:52.014
2020-05-04 18:45:52,927581,928059,2020-05-04 18:45:52.531
2020-05-04 18:45:53,927582,928058,2020-05-04 18:45:53.316
2020-05-04 18:45:53,927591,928040,2020-05-04 18:45:53.843
2020-05-04 18:45:54,927591,928040,2020-05-04 18:45:54.355
2020-05-04 18:45:54,927594,928040,2020-05-04 18:45:54.900
2020-05-04 18:45:55,927599,928039,2020-05-04 18:45:55.835
2020-05-04 18:45:56,927599,928032,2020-05-04 18:45:56.420
2020-05-04 18:45:56,927605,928010,2020-05-04 18:45:56.949
2020-05-04 18:45:57,927599,928009,2020-05-04 18:45:57.475
2020-05-04 18:45:58,927505,928009,2020-05-04 18:45:58.075
2020-05-04 18:45:59,927509,928010,2020-05-04 18:45:59.734
2020-05-04 18:46:00,927509,928010,2020-05-04 18:46:00.253
2020-05-04 18:46:00,927529,927985,2020-05-04 18:46:00.763
2020-05-04 18:46:01,927529,927985,2020-05-04 18:46:01.290
2020-05-04 18:46:01,927535,927984,2020-05-04 18:46:01.802
2020-05-04 18:46:02,927535,927984,2020-05-04 18:46:02.746
2020-05-04 18:46:03,927541,927975,2020-05-04 18:46:03.294
2020-05-04 18:46:03,927542,927973,2020-05-04 18:46:03.804
2020-05-04 18:46:04,927542,927953,2020-05-04 18:46:04.326
2020-05-04 18:46:04,927547,927951,2020-05-04 18:46:04.861
2020-05-04 18:46:05,927548,927951,2020-05-04 18:46:05.469
2020-05-04 18:46:06,927553,927951,2020-05-04 18:46:06.085
2020-05-04 18:46:06,927554,927951,2020-05-04 18:46:06.607
2020-05-04 18:46:07,927559,927951,2020-05-04 18:46:07.147
2020-05-04 18:46:07,927559,927951,2020-05-04 18:46:07.848
2020-05-04 18:46:08,927511,927951,2020-05-04 18:46:08.366
2020-05-04 18:46:09,927512,927989,2020-05-04 18:46:09.214
2020-05-04 18:46:10,927523,927996,2020-05-04 18:46:10.178
2020-05-04 18:46:10,927529,928069,2020-05-04 18:46:10.696
2020-05-04 18:46:11,927534,928074,2020-05-04 18:46:11.280
2020-05-04 18:46:12,927557,928074,2020-05-04 18:46:12.408
2020-05-04 18:46:12,927566,928096,2020-05-04 18:46:12.970
2020-05-04 18:46:13,927567,928106,2020-05-04 18:46:13.526
2020-05-04 18:46:14,927572,928116,2020-05-04 18:46:14.051
2020-05-04 18:46:14,927575,928120,2020-05-04 18:46:14.577
2020-05-04 18:46:15,927575,928120,2020-05-04 18:46:15.156
2020-05-04 18:46:15,927691,928120,2020-05-04 18:46:15.703
2020-05-04 18:46:16,927696,928120,2020-05-04 18:46:16.223
2020-05-04 18:46:16,927696,928120,2020-05-04 18:46:16.856
2020-05-04 18:46:17,927704,928120,2020-05-04 18:46:17.404
2020-05-04 18:46:18,927739,928120,2020-05-04 18:46:18.006
2020-05-04 18:46:18,927744,928120,2020-05-04 18:46:18.547
2020-05-04 18:46:19,927746,928120,2020-05-04 18:46:19.068
2020-05-04 18:46:19,927747,928120,2020-05-04 18:46:19.831
2020-05-04 18:46:20,927753,928161,2020-05-04 18:46:20.477
2020-05-04 18:46:21,927753,928161,2020-05-04 18:46:21.247
2020-05-04 18:46:21,927780,928162,2020-05-04 18:46:21.755
2020-05-04 18:46:22,927787,928162,2020-05-04 18:46:22.277
2020-05-04 18:46:22,927791,928200,2020-05-04 18:46:22.902
2020-05-04 18:46:23,927792,928200,2020-05-04 18:46:23.425
2020-05-04 18:46:23,927800,928200,2020-05-04 18:46:23.947
2020-05-04 18:46:24,927821,928200,2020-05-04 18:46:24.546
2020-05-04 18:46:25,927829,928200,2020-05-04 18:46:25.088
2020-05-04 18:46:25,927829,928200,2020-05-04 18:46:25.665
2020-05-04 18:46:26,927833,928200,2020-05-04 18:46:26.293
2020-05-04 18:46:26,927867,928200,2020-05-04 18:46:26.829
2020-05-04 18:46:27,927873,928200,2020-05-04 18:46:27.590
2020-05-04 18:46:28,927880,928200,2020-05-04 18:46:28.106
2020-05-04 18:46:28,927881,928200,2020-05-04 18:46:28.616
2020-05-04 18:46:29,927881,928200,2020-05-04 18:46:29.211
2020-05-04 18:46:29,927889,928200,2020-05-04 18:46:29.717
2020-05-04 18:46:30,928319,928304,2020-05-04 18:46:30.244
2020-05-04 18:46:30,927898,928179,2020-05-04 18:46:30.754
2020-05-04 18:46:31,927899,928120,2020-05-04 18:46:31.312
2020-05-04 18:46:31,927905,928120,2020-05-04 18:46:31.863
2020-05-04 18:46:32,927870,928120,2020-05-04 18:46:32.581
2020-05-04 18:46:33,927870,927993,2020-05-04 18:46:33.102
2020-05-04 18:46:33,927875,927993,2020-05-04 18:46:33.657
2020-05-04 18:46:34,927875,927989,2020-05-04 18:46:34.175
2020-05-04 18:46:34,927875,927890,2020-05-04 18:46:34.824
2020-05-04 18:46:36,927779,927885,2020-05-04 18:46:36.149
2020-05-04 18:46:36,927779,927987,2020-05-04 18:46:36.680
2020-05-04 18:46:37,927779,928008,2020-05-04 18:46:37.260
2020-05-04 18:46:38,927779,928008,2020-05-04 18:46:38.182
2020-05-04 18:46:38,927779,928011,2020-05-04 18:46:38.769
2020-05-04 18:46:39,927779,928011,2020-05-04 18:46:39.437
2020-05-04 18:46:40,927779,928011,2020-05-04 18:46:40.276
2020-05-04 18:46:41,927779,928011,2020-05-04 18:46:41.187
2020-05-04 18:46:41,927779,927985,2020-05-04 18:46:41.704
2020-05-04 18:46:42,927779,927985,2020-05-04 18:46:42.223
2020-05-04 18:46:42,927779,927985,2020-05-04 18:46:42.741
2020-05-04 18:46:43,927779,928108,2020-05-04 18:46:43.321
2020-05-04 18:46:43,927779,928108,2020-05-04 18:46:43.872
2020-05-04 18:46:44,927779,928092,2020-05-04 18:46:44.821
2020-05-04 18:46:45,927779,928087,2020-05-04 18:46:45.339
2020-05-04 18:46:45,927779,928001,2020-05-04 18:46:45.844
2020-05-04 18:46:46,927779,928000,2020-05-04 18:46:46.361
2020-05-04 18:46:46,927779,927996,2020-05-04 18:46:46.895
2020-05-04 18:46:47,927779,928000,2020-05-04 18:46:47.497
2020-05-04 18:46:48,927779,928066,2020-05-04 18:46:48.055
2020-05-04 18:46:48,927779,928066,2020-05-04 18:46:48.885
2020-05-04 18:46:49,927779,927996,2020-05-04 18:46:49.820
2020-05-04 18:46:50,927779,927996,2020-05-04 18:46:50.338
2020-05-04 18:46:50,927779,927996,2020-05-04 18:46:50.880
2020-05-04 18:46:51,927779,927996,2020-05-04 18:46:51.421
2020-05-04 18:46:51,927779,927996,2020-05-04 18:46:51.943
2020-05-04 18:46:52,927779,927995,2020-05-04 18:46:52.469
2020-05-04 18:46:53,927779,927898,2020-05-04 18:46:53.004
2020-05-04 18:46:53,927779,927898,2020-05-04 18:46:53.547
2020-05-04 18:46:54,927660,927893,2020-05-04 18:46:54.061
2020-05-04 18:46:54,927645,927893,2020-05-04 18:46:54.597
2020-05-04 18:46:55,927621,927887,2020-05-04 18:46:55.103
2020-05-04 18:46:55,927344,927891,2020-05-04 18:46:55.649
2020-05-04 18:46:56,927366,927883,2020-05-04 18:46:56.174
2020-05-04 18:46:56,927367,927883,2020-05-04 18:46:56.792
2020-05-04 18:46:57,927368,927880,2020-05-04 18:46:57.343
2020-05-04 18:46:57,927369,927873,2020-05-04 18:46:57.928
2020-05-04 18:46:58,927369,927795,2020-05-04 18:46:58.650
2020-05-04 18:46:59,927239,927329,2020-05-04 18:46:59.183
2020-05-04 18:46:59,927191,927325,2020-05-04 18:46:59.708
2020-05-04 18:47:00,926548,927238,2020-05-04 18:47:00.232
2020-05-04 18:47:00,926549,927111,2020-05-04 18:47:00.770
2020-05-04 18:47:01,926549,927106,2020-05-04 18:47:01.461
2020-05-04 18:47:01,926549,926870,2020-05-04 18:47:01.970
2020-05-04 18:47:02,926551,926783,2020-05-04 18:47:02.501
2020-05-04 18:47:03,926552,926783,2020-05-04 18:47:03.012
2020-05-04 18:47:03,926552,926783,2020-05-04 18:47:03.577
2020-05-04 18:47:04,926553,926762,2020-05-04 18:47:04.110
2020-05-04 18:47:04,926561,926757,2020-05-04 18:47:04.656
2020-05-04 18:47:05,926562,926762,2020-05-04 18:47:05.225
2020-05-04 18:47:05,926601,926757,2020-05-04 18:47:05.779
2020-05-04 18:47:06,926606,926791,2020-05-04 18:47:06.335
2020-05-04 18:47:06,926601,926791,2020-05-04 18:47:06.880
2020-05-04 18:47:07,926601,926607,2020-05-04 18:47:07.399
2020-05-04 18:47:07,926495,926668,2020-05-04 18:47:07.922
2020-05-04 18:47:08,926273,926554,2020-05-04 18:47:08.832
2020-05-04 18:47:09,926239,926484,2020-05-04 18:47:09.338
2020-05-04 18:47:10,926255,926426,2020-05-04 18:47:10.073
2020-05-04 18:47:10,926260,926484,2020-05-04 18:47:10.599
2020-05-04 18:47:11,926255,926480,2020-05-04 18:47:11.138
2020-05-04 18:47:11,926255,926485,2020-05-04 18:47:11.669
2020-05-04 18:47:12,926260,926480,2020-05-04 18:47:12.240
2020-05-04 18:47:12,926281,926480,2020-05-04 18:47:12.804
2020-05-04 18:47:13,926281,926485,2020-05-04 18:47:13.392
2020-05-04 18:47:13,926287,926485,2020-05-04 18:47:13.934
2020-05-04 18:47:14,926288,926652,2020-05-04 18:47:14.466
2020-05-04 18:47:15,926490,926652,2020-05-04 18:47:15.459
2020-05-04 18:47:16,926490,926662,2020-05-04 18:47:16.023
2020-05-04 18:47:16,926668,926700,2020-05-04 18:47:16.535
2020-05-04 18:47:17,926577,926700,2020-05-04 18:47:17.271
2020-05-04 18:47:17,926538,926700,2020-05-04 18:47:17.831
2020-05-04 18:47:18,926703,927018,2020-05-04 18:47:18.390
2020-05-04 18:47:19,926708,927018,2020-05-04 18:47:19.011
2020-05-04 18:47:19,926736,927016,2020-05-04 18:47:19.925
2020-05-04 18:47:20,926741,927146,2020-05-04 18:47:20.458
2020-05-04 18:47:21,926742,927145,2020-05-04 18:47:21.020
2020-05-04 18:47:21,926770,927144,2020-05-04 18:47:21.594
2020-05-04 18:47:22,926776,927143,2020-05-04 18:47:22.140
2020-05-04 18:47:23,926778,927190,2020-05-04 18:47:23.132
2020-05-04 18:47:23,926780,927337,2020-05-04 18:47:23.703
2020-05-04 18:47:24,926959,927335,2020-05-04 18:47:24.213
2020-05-04 18:47:24,926964,927300,2020-05-04 18:47:24.754
2020-05-04 18:47:25,926964,927300,2020-05-04 18:47:25.295
2020-05-04 18:47:26,926964,927300,2020-05-04 18:47:26.952
2020-05-04 18:47:27,926873,927277,2020-05-04 18:47:27.461
2020-05-04 18:47:28,926874,927277,2020-05-04 18:47:28.006
2020-05-04 18:47:28,926880,927300,2020-05-04 18:47:28.523
2020-05-04 18:47:29,926886,927300,2020-05-04 18:47:29.061
2020-05-04 18:47:29,926889,927300,2020-05-04 18:47:29.571
2020-05-04 18:47:30,926920,927300,2020-05-04 18:47:30.218
2020-05-04 18:47:30,926921,927300,2020-05-04 18:47:30.731
2020-05-04 18:47:31,926926,927300,2020-05-04 18:47:31.273
2020-05-04 18:47:31,926926,927300,2020-05-04 18:47:31.774
2020-05-04 18:47:32,926959,927300,2020-05-04 18:47:32.639
2020-05-04 18:47:33,926964,927664,2020-05-04 18:47:33.149
2020-05-04 18:47:34,927300,927633,2020-05-04 18:47:34.146
2020-05-04 18:47:34,927300,927631,2020-05-04 18:47:34.658
2020-05-04 18:47:35,927300,927630,2020-05-04 18:47:35.207
2020-05-04 18:47:35,927300,927636,2020-05-04 18:47:35.719
2020-05-04 18:47:36,927300,927636,2020-05-04 18:47:36.236
2020-05-04 18:47:36,927306,927700,2020-05-04 18:47:36.739
2020-05-04 18:47:37,927307,927699,2020-05-04 18:47:37.294
2020-05-04 18:47:37,927314,927699,2020-05-04 18:47:37.832
2020-05-04 18:47:38,927314,927677,2020-05-04 18:47:38.354
2020-05-04 18:47:38,927314,927676,2020-05-04 18:47:38.866
2020-05-04 18:47:39,927314,927676,2020-05-04 18:47:39.818
2020-05-04 18:47:40,927300,927676,2020-05-04 18:47:40.530
2020-05-04 18:47:41,927300,927674,2020-05-04 18:47:41.047
2020-05-04 18:47:41,927300,927674,2020-05-04 18:47:41.575
2020-05-04 18:47:42,927300,927997,2020-05-04 18:47:42.237
2020-05-04 18:47:42,927300,927997,2020-05-04 18:47:42.757
2020-05-04 18:47:43,928027,928088,2020-05-04 18:47:43.276
2020-05-04 18:47:43,928032,928092,2020-05-04 18:47:43.825
2020-05-04 18:47:44,928032,928092,2020-05-04 18:47:44.479
2020-05-04 18:47:45,928032,928092,2020-05-04 18:47:45.266
2020-05-04 18:47:45,928032,928092,2020-05-04 18:47:45.814
2020-05-04 18:47:46,928032,928087,2020-05-04 18:47:46.505
2020-05-04 18:47:47,928032,928087,2020-05-04 18:47:47.120
2020-05-04 18:47:47,928032,928271,2020-05-04 18:47:47.654
2020-05-04 18:47:48,928104,928271,2020-05-04 18:47:48.374
2020-05-04 18:47:49,928109,928276,2020-05-04 18:47:49.023
2020-05-04 18:47:49,928109,928255,2020-05-04 18:47:49.563
2020-05-04 18:47:50,928036,928255,2020-05-04 18:47:50.246
2020-05-04 18:47:50,928036,928250,2020-05-04 18:47:50.880
2020-05-04 18:47:51,928044,928250,2020-05-04 18:47:51.406
2020-05-04 18:47:51,928044,928304,2020-05-04 18:47:51.935
2020-05-04 18:47:52,928044,928304,2020-05-04 18:47:52.455
2020-05-04 18:47:52,928044,928304,2020-05-04 18:47:52.971
2020-05-04 18:47:53,928042,928304,2020-05-04 18:47:53.835
2020-05-04 18:47:54,928045,928304,2020-05-04 18:47:54.419
2020-05-04 18:47:54,928043,928359,2020-05-04 18:47:54.967
2020-05-04 18:47:55,928050,928573,2020-05-04 18:47:55.496
2020-05-04 18:47:56,928050,928573,2020-05-04 18:47:56.012
2020-05-04 18:47:56,928059,928572,2020-05-04 18:47:56.533
2020-05-04 18:47:57,928060,928572,2020-05-04 18:47:57.067
2020-05-04 18:47:57,928081,928572,2020-05-04 18:47:57.699
2020-05-04 18:47:58,928081,928572,2020-05-04 18:47:58.238
2020-05-04 18:47:58,928089,928571,2020-05-04 18:47:58.780
2020-05-04 18:47:59,928089,928571,2020-05-04 18:47:59.293
2020-05-04 18:47:59,928168,928570,2020-05-04 18:47:59.826
2020-05-04 18:48:00,928173,928569,2020-05-04 18:48:00.473
2020-05-04 18:48:01,928101,928569,2020-05-04 18:48:01.480
2020-05-04 18:48:02,928110,928546,2020-05-04 18:48:02.028
2020-05-04 18:48:02,928110,928545,2020-05-04 18:48:02.570
2020-05-04 18:48:03,928102,928544,2020-05-04 18:48:03.091
2020-05-04 18:48:03,928095,928542,2020-05-04 18:48:03.595
2020-05-04 18:48:04,928095,928542,2020-05-04 18:48:04.236
2020-05-04 18:48:04,928095,928540,2020-05-04 18:48:04.792
2020-05-04 18:48:05,928095,928540,2020-05-04 18:48:05.387
2020-05-04 18:48:05,928095,928518,2020-05-04 18:48:05.909
2020-05-04 18:48:08,928095,928517,2020-05-04 18:48:08.019
2020-05-04 18:48:08,928116,928513,2020-05-04 18:48:08.535
2020-05-04 18:48:09,928121,928512,2020-05-04 18:48:09.050
2020-05-04 18:48:09,928121,928512,2020-05-04 18:48:09.585
2020-05-04 18:48:10,928121,928512,2020-05-04 18:48:10.200
2020-05-04 18:48:10,928119,928490,2020-05-04 18:48:10.800
2020-05-04 18:48:11,928119,928490,2020-05-04 18:48:11.595
2020-05-04 18:48:12,928119,928490,2020-05-04 18:48:12.772
2020-05-04 18:48:13,928095,928489,2020-05-04 18:48:13.283
2020-05-04 18:48:13,928095,928489,2020-05-04 18:48:13.840
2020-05-04 18:48:14,928095,928489,2020-05-04 18:48:14.432
2020-05-04 18:48:14,928095,928489,2020-05-04 18:48:14.949
2020-05-04 18:48:15,928120,928467,2020-05-04 18:48:15.522
2020-05-04 18:48:16,928120,928467,2020-05-04 18:48:16.110
2020-05-04 18:48:16,928120,928465,2020-05-04 18:48:16.643
2020-05-04 18:48:17,928120,928464,2020-05-04 18:48:17.260
2020-05-04 18:48:17,928120,928463,2020-05-04 18:48:17.841
2020-05-04 18:48:18,928120,928441,2020-05-04 18:48:18.407
2020-05-04 18:48:19,928146,928440,2020-05-04 18:48:19.010
2020-05-04 18:48:19,928151,928440,2020-05-04 18:48:19.526
2020-05-04 18:48:20,928151,928440,2020-05-04 18:48:20.389
2020-05-04 18:48:20,928095,928151,2020-05-04 18:48:20.913
2020-05-04 18:48:21,927987,928016,2020-05-04 18:48:21.881
2020-05-04 18:48:22,927782,927866,2020-05-04 18:48:22.396
2020-05-04 18:48:23,927782,928074,2020-05-04 18:48:23.030
2020-05-04 18:48:23,927342,928074,2020-05-04 18:48:23.653
2020-05-04 18:48:24,927293,927725,2020-05-04 18:48:24.186
2020-05-04 18:48:25,927117,927720,2020-05-04 18:48:25.156
2020-05-04 18:48:25,927117,927712,2020-05-04 18:48:25.673
2020-05-04 18:48:27,927117,927712,2020-05-04 18:48:27.209
2020-05-04 18:48:27,927143,927700,2020-05-04 18:48:27.769
2020-05-04 18:48:28,927233,927698,2020-05-04 18:48:28.312
2020-05-04 18:48:28,927239,927698,2020-05-04 18:48:28.816
2020-05-04 18:48:29,927239,927698,2020-05-04 18:48:29.677
2020-05-04 18:48:30,927413,927698,2020-05-04 18:48:30.208
2020-05-04 18:48:30,927413,927698,2020-05-04 18:48:30.721
2020-05-04 18:48:31,927434,927703,2020-05-04 18:48:31.252
2020-05-04 18:48:31,927435,927703,2020-05-04 18:48:31.782
2020-05-04 18:48:32,927439,927703,2020-05-04 18:48:32.303
2020-05-04 18:48:33,927440,927703,2020-05-04 18:48:33.556
2020-05-04 18:48:34,927440,927703,2020-05-04 18:48:34.363
2020-05-04 18:48:34,927801,927857,2020-05-04 18:48:34.875
2020-05-04 18:48:35,927608,927884,2020-05-04 18:48:35.394
2020-05-04 18:48:35,927629,927884,2020-05-04 18:48:35.955
2020-05-04 18:48:36,927629,927942,2020-05-04 18:48:36.835
2020-05-04 18:48:37,927629,927915,2020-05-04 18:48:37.480
2020-05-04 18:48:38,927629,927935,2020-05-04 18:48:38.074
2020-05-04 18:48:38,927629,927934,2020-05-04 18:48:38.602
2020-05-04 18:48:39,927629,927929,2020-05-04 18:48:39.147
2020-05-04 18:48:39,927629,927929,2020-05-04 18:48:39.656
2020-05-04 18:48:40,927629,927928,2020-05-04 18:48:40.273
2020-05-04 18:48:40,927630,928039,2020-05-04 18:48:40.866
2020-05-04 18:48:41,927630,928037,2020-05-04 18:48:41.372
2020-05-04 18:48:42,927716,928036,2020-05-04 18:48:42.265
2020-05-04 18:48:42,927717,928111,2020-05-04 18:48:42.797
2020-05-04 18:48:43,927724,928141,2020-05-04 18:48:43.304
2020-05-04 18:48:43,927724,928185,2020-05-04 18:48:43.834
2020-05-04 18:48:44,927724,928185,2020-05-04 18:48:44.497
2020-05-04 18:48:45,927756,928179,2020-05-04 18:48:45.004
2020-05-04 18:48:45,927756,928231,2020-05-04 18:48:45.537
2020-05-04 18:48:46,927764,928226,2020-05-04 18:48:46.637
2020-05-04 18:48:47,927764,928228,2020-05-04 18:48:47.162
2020-05-04 18:48:47,927764,928297,2020-05-04 18:48:47.676
2020-05-04 18:48:48,927891,928329,2020-05-04 18:48:48.551
2020-05-04 18:48:49,927891,928328,2020-05-04 18:48:49.078
2020-05-04 18:48:49,927897,928322,2020-05-04 18:48:49.912
2020-05-04 18:48:50,927904,928322,2020-05-04 18:48:50.978
2020-05-04 18:48:51,927912,928359,2020-05-04 18:48:51.561
2020-05-04 18:48:52,927912,928354,2020-05-04 18:48:52.097
2020-05-04 18:48:52,927914,928440,2020-05-04 18:48:52.627
2020-05-04 18:48:53,927914,928433,2020-05-04 18:48:53.381
2020-05-04 18:48:53,927914,928432,2020-05-04 18:48:53.946
2020-05-04 18:48:54,927914,928423,2020-05-04 18:48:54.694
2020-05-04 18:48:55,927914,928423,2020-05-04 18:48:55.307
2020-05-04 18:48:55,927909,928415,2020-05-04 18:48:55.857
2020-05-04 18:48:56,927909,928406,2020-05-04 18:48:56.661
2020-05-04 18:48:57,927909,928405,2020-05-04 18:48:57.204
2020-05-04 18:48:57,927904,928405,2020-05-04 18:48:57.770
2020-05-04 18:48:58,927909,928397,2020-05-04 18:48:58.412
2020-05-04 18:48:58,927909,928390,2020-05-04 18:48:58.949
2020-05-04 18:48:59,927912,928382,2020-05-04 18:48:59.464
2020-05-04 18:48:59,927933,928382,2020-05-04 18:48:59.994
2020-05-04 18:49:00,927939,928386,2020-05-04 18:49:00.510
2020-05-04 18:49:01,927942,928378,2020-05-04 18:49:01.049
2020-05-04 18:49:01,927943,928373,2020-05-04 18:49:01.556
2020-05-04 18:49:02,927943,928373,2020-05-04 18:49:02.843
2020-05-04 18:49:03,927957,928387,2020-05-04 18:49:03.456
2020-05-04 18:49:04,927978,928386,2020-05-04 18:49:04.072
2020-05-04 18:49:04,927983,928381,2020-05-04 18:49:04.589
2020-05-04 18:49:05,927983,928381,2020-05-04 18:49:05.287
2020-05-04 18:49:05,927891,927911,2020-05-04 18:49:05.805
2020-05-04 18:49:06,927891,927911,2020-05-04 18:49:06.340
2020-05-04 18:49:07,927891,928086,2020-05-04 18:49:07.138
2020-05-04 18:49:07,927740,928085,2020-05-04 18:49:07.669
2020-05-04 18:49:08,927740,928080,2020-05-04 18:49:08.182
2020-05-04 18:49:08,927740,928080,2020-05-04 18:49:08.844
2020-05-04 18:49:09,927688,928053,2020-05-04 18:49:09.746
2020-05-04 18:49:10,927680,928047,2020-05-04 18:49:10.256
2020-05-04 18:49:10,927680,928047,2020-05-04 18:49:10.768
2020-05-04 18:49:11,927680,928046,2020-05-04 18:49:11.278
2020-05-04 18:49:11,927680,928046,2020-05-04 18:49:11.957
2020-05-04 18:49:12,927680,928035,2020-05-04 18:49:12.492
2020-05-04 18:49:13,927680,928040,2020-05-04 18:49:13.011
2020-05-04 18:49:13,927706,928044,2020-05-04 18:49:13.564
2020-05-04 18:49:14,927706,928033,2020-05-04 18:49:14.679
2020-05-04 18:49:15,927707,928166,2020-05-04 18:49:15.246
2020-05-04 18:49:15,927715,928165,2020-05-04 18:49:15.767
2020-05-04 18:49:16,927715,928165,2020-05-04 18:49:16.577
2020-05-04 18:49:17,927855,928157,2020-05-04 18:49:17.198
2020-05-04 18:49:17,927855,928156,2020-05-04 18:49:17.721
2020-05-04 18:49:18,927860,928156,2020-05-04 18:49:18.223
2020-05-04 18:49:18,927860,928156,2020-05-04 18:49:18.745
2020-05-04 18:49:19,927860,928156,2020-05-04 18:49:19.283
2020-05-04 18:49:19,927858,928156,2020-05-04 18:49:19.800
2020-05-04 18:49:20,927858,928156,2020-05-04 18:49:20.335
2020-05-04 18:49:21,927879,928156,2020-05-04 18:49:21.041
2020-05-04 18:49:21,927884,928156,2020-05-04 18:49:21.572
2020-05-04 18:49:22,927884,928156,2020-05-04 18:49:22.429
2020-05-04 18:49:23,927884,928156,2020-05-04 18:49:23.334
2020-05-04 18:49:24,927884,928155,2020-05-04 18:49:24.232
2020-05-04 18:49:24,927879,928268,2020-05-04 18:49:24.833
2020-05-04 18:49:25,927884,928346,2020-05-04 18:49:25.351
2020-05-04 18:49:25,928039,928346,2020-05-04 18:49:25.914
2020-05-04 18:49:26,928044,928364,2020-05-04 18:49:26.464
2020-05-04 18:49:27,928044,928385,2020-05-04 18:49:27.017
2020-05-04 18:49:27,927932,928395,2020-05-04 18:49:27.609
2020-05-04 18:49:28,928047,928395,2020-05-04 18:49:28.131
2020-05-04 18:49:28,928068,928395,2020-05-04 18:49:28.688
2020-05-04 18:49:29,928073,928395,2020-05-04 18:49:29.215
2020-05-04 18:49:29,928076,928395,2020-05-04 18:49:29.753
2020-05-04 18:49:30,928076,928395,2020-05-04 18:49:30.391
2020-05-04 18:49:30,928076,928395,2020-05-04 18:49:30.951
2020-05-04 18:49:31,928076,928395,2020-05-04 18:49:31.456
2020-05-04 18:49:32,928064,928395,2020-05-04 18:49:32.086
2020-05-04 18:49:32,928085,928395,2020-05-04 18:49:32.644
2020-05-04 18:49:33,928090,928395,2020-05-04 18:49:33.153
2020-05-04 18:49:33,928090,928394,2020-05-04 18:49:33.681
2020-05-04 18:49:34,927870,928065,2020-05-04 18:49:34.205
2020-05-04 18:49:34,927725,927726,2020-05-04 18:49:34.781
2020-05-04 18:49:35,927680,927725,2020-05-04 18:49:35.560
2020-05-04 18:49:36,927725,927895,2020-05-04 18:49:36.115
2020-05-04 18:49:36,927730,927942,2020-05-04 18:49:36.627
2020-05-04 18:49:37,927730,928053,2020-05-04 18:49:37.831
2020-05-04 18:49:38,927730,928015,2020-05-04 18:49:38.392
2020-05-04 18:49:38,927725,928014,2020-05-04 18:49:38.930
2020-05-04 18:49:39,927730,928009,2020-05-04 18:49:39.493
2020-05-04 18:49:40,927680,928008,2020-05-04 18:49:40.031
2020-05-04 18:49:40,927685,927983,2020-05-04 18:49:40.556
2020-05-04 18:49:41,927685,927988,2020-05-04 18:49:41.080
2020-05-04 18:49:41,927685,927983,2020-05-04 18:49:41.614
2020-05-04 18:49:42,927685,927987,2020-05-04 18:49:42.130
2020-05-04 18:49:43,927685,927982,2020-05-04 18:49:43.349
2020-05-04 18:49:44,927685,927979,2020-05-04 18:49:44.270
2020-05-04 18:49:44,927685,927952,2020-05-04 18:49:44.888
2020-05-04 18:49:45,927685,927950,2020-05-04 18:49:45.439
2020-05-04 18:49:45,927685,927943,2020-05-04 18:49:45.946
2020-05-04 18:49:46,927685,927942,2020-05-04 18:49:46.474
2020-05-04 18:49:46,927685,927937,2020-05-04 18:49:46.999
2020-05-04 18:49:47,927697,927943,2020-05-04 18:49:47.506
2020-05-04 18:49:48,927697,927943,2020-05-04 18:49:48.036
2020-05-04 18:49:48,927697,927943,2020-05-04 18:49:48.779
2020-05-04 18:49:49,927470,927916,2020-05-04 18:49:49.351
2020-05-04 18:49:49,927471,927680,2020-05-04 18:49:49.867
2020-05-04 18:49:50,927471,927680,2020-05-04 18:49:50.698
2020-05-04 18:49:51,927471,927908,2020-05-04 18:49:51.512
2020-05-04 18:49:52,927473,927907,2020-05-04 18:49:52.057
2020-05-04 18:49:52,927474,927886,2020-05-04 18:49:52.881
2020-05-04 18:49:53,927476,927880,2020-05-04 18:49:53.395
2020-05-04 18:49:53,927476,927880,2020-05-04 18:49:53.959
2020-05-04 18:49:54,927478,927874,2020-05-04 18:49:54.492
2020-05-04 18:49:55,927479,927873,2020-05-04 18:49:55.013
2020-05-04 18:49:55,927532,927958,2020-05-04 18:49:55.564
2020-05-04 18:49:56,927533,927937,2020-05-04 18:49:56.104
2020-05-04 18:49:56,927534,927937,2020-05-04 18:49:56.633
2020-05-04 18:49:57,927535,927932,2020-05-04 18:49:57.187
2020-05-04 18:49:58,927505,927926,2020-05-04 18:49:58.041
2020-05-04 18:49:58,927472,927534,2020-05-04 18:49:58.621
2020-05-04 18:50:00,927721,927920,2020-05-04 18:50:00.263
2020-05-04 18:50:00,927721,928015,2020-05-04 18:50:00.780
2020-05-04 18:50:01,927721,928015,2020-05-04 18:50:01.291
2020-05-04 18:50:01,927721,928015,2020-05-04 18:50:01.821
2020-05-04 18:50:02,927729,928015,2020-05-04 18:50:02.327
2020-05-04 18:50:02,927729,928015,2020-05-04 18:50:02.847
2020-05-04 18:50:03,927729,928015,2020-05-04 18:50:03.990
2020-05-04 18:50:04,927729,928015,2020-05-04 18:50:04.782
2020-05-04 18:50:05,927735,928015,2020-05-04 18:50:05.286
2020-05-04 18:50:05,927735,928015,2020-05-04 18:50:05.824
2020-05-04 18:50:06,927735,928015,2020-05-04 18:50:06.362
2020-05-04 18:50:06,927735,928015,2020-05-04 18:50:06.895
2020-05-04 18:50:07,927735,928015,2020-05-04 18:50:07.489
2020-05-04 18:50:08,927735,928015,2020-05-04 18:50:08.021
2020-05-04 18:50:08,927735,928015,2020-05-04 18:50:08.545
2020-05-04 18:50:09,927735,927994,2020-05-04 18:50:09.086
2020-05-04 18:50:09,927735,927989,2020-05-04 18:50:09.654
2020-05-04 18:50:10,927763,927989,2020-05-04 18:50:10.285
2020-05-04 18:50:10,927763,927989,2020-05-04 18:50:10.831
2020-05-04 18:50:11,927763,927989,2020-05-04 18:50:11.424
2020-05-04 18:50:11,927729,927988,2020-05-04 18:50:11.937
2020-05-04 18:50:12,927729,927987,2020-05-04 18:50:12.485
2020-05-04 18:50:13,927729,927961,2020-05-04 18:50:13.036
2020-05-04 18:50:13,927729,927960,2020-05-04 18:50:13.630
2020-05-04 18:50:14,927729,927959,2020-05-04 18:50:14.188
2020-05-04 18:50:15,927729,927958,2020-05-04 18:50:15.400
2020-05-04 18:50:15,927729,927958,2020-05-04 18:50:15.971
2020-05-04 18:50:16,927729,927958,2020-05-04 18:50:16.643
2020-05-04 18:50:17,927729,927958,2020-05-04 18:50:17.382
2020-05-04 18:50:18,927729,927958,2020-05-04 18:50:18.037
2020-05-04 18:50:18,927729,927958,2020-05-04 18:50:18.549
2020-05-04 18:50:19,927721,927958,2020-05-04 18:50:19.091
2020-05-04 18:50:19,927721,927958,2020-05-04 18:50:19.778
2020-05-04 18:50:20,927721,927958,2020-05-04 18:50:20.306
2020-05-04 18:50:20,927721,927724,2020-05-04 18:50:20.818
2020-05-04 18:50:21,927721,927724,2020-05-04 18:50:21.509
2020-05-04 18:50:22,927433,927578,2020-05-04 18:50:22.065
2020-05-04 18:50:22,927433,927580,2020-05-04 18:50:22.590
2020-05-04 18:50:23,927433,927579,2020-05-04 18:50:23.130
2020-05-04 18:50:23,927433,927579,2020-05-04 18:50:23.757
2020-05-04 18:50:24,927131,927579,2020-05-04 18:50:24.270
2020-05-04 18:50:24,927131,927579,2020-05-04 18:50:24.811
2020-05-04 18:50:25,927131,927579,2020-05-04 18:50:25.446
2020-05-04 18:50:26,927131,927579,2020-05-04 18:50:26.000
2020-05-04 18:50:26,927131,927579,2020-05-04 18:50:26.725
2020-05-04 18:50:27,927131,927579,2020-05-04 18:50:27.226
2020-05-04 18:50:27,927084,927201,2020-05-04 18:50:27.825
2020-05-04 18:50:28,927084,927189,2020-05-04 18:50:28.338
2020-05-04 18:50:28,927084,927184,2020-05-04 18:50:28.854
2020-05-04 18:50:29,926974,927386,2020-05-04 18:50:29.417
2020-05-04 18:50:29,926709,926964,2020-05-04 18:50:29.942
2020-05-04 18:50:30,926577,926974,2020-05-04 18:50:30.470
2020-05-04 18:50:31,926577,926963,2020-05-04 18:50:31.152
2020-05-04 18:50:31,926585,926767,2020-05-04 18:50:31.726
2020-05-04 18:50:32,926767,926960,2020-05-04 18:50:32.251
2020-05-04 18:50:32,926767,926960,2020-05-04 18:50:32.838
2020-05-04 18:50:33,926772,927013,2020-05-04 18:50:33.349
2020-05-04 18:50:33,926602,927013,2020-05-04 18:50:33.889
2020-05-04 18:50:34,926602,927013,2020-05-04 18:50:34.573
2020-05-04 18:50:35,926614,927069,2020-05-04 18:50:35.094
2020-05-04 18:50:35,926619,927069,2020-05-04 18:50:35.721
2020-05-04 18:50:36,926621,927000,2020-05-04 18:50:36.274
2020-05-04 18:50:36,926626,927000,2020-05-04 18:50:36.793
2020-05-04 18:50:37,926631,927000,2020-05-04 18:50:37.345
2020-05-04 18:50:37,926633,927076,2020-05-04 18:50:37.871
2020-05-04 18:50:38,926638,927075,2020-05-04 18:50:38.398
2020-05-04 18:50:38,926752,927075,2020-05-04 18:50:38.935
2020-05-04 18:50:39,926757,927054,2020-05-04 18:50:39.447
2020-05-04 18:50:39,926758,927054,2020-05-04 18:50:39.956
2020-05-04 18:50:40,926758,927054,2020-05-04 18:50:40.494
2020-05-04 18:50:41,926763,927078,2020-05-04 18:50:41.037
2020-05-04 18:50:41,926563,927078,2020-05-04 18:50:41.594
2020-05-04 18:50:42,926574,927078,2020-05-04 18:50:42.108
2020-05-04 18:50:42,927206,927370,2020-05-04 18:50:42.614
2020-05-04 18:50:43,927079,927372,2020-05-04 18:50:43.150
2020-05-04 18:50:43,927079,927372,2020-05-04 18:50:43.829
2020-05-04 18:50:44,926792,927350,2020-05-04 18:50:44.364
2020-05-04 18:50:45,926928,927349,2020-05-04 18:50:45.156
2020-05-04 18:50:45,926929,927348,2020-05-04 18:50:45.665
2020-05-04 18:50:46,926937,927341,2020-05-04 18:50:46.338
2020-05-04 18:50:46,926937,927341,2020-05-04 18:50:46.868
2020-05-04 18:50:47,926940,927341,2020-05-04 18:50:47.486
2020-05-04 18:50:48,926940,927341,2020-05-04 18:50:48.002
2020-05-04 18:50:48,926847,927347,2020-05-04 18:50:48.515
2020-05-04 18:50:49,926847,927326,2020-05-04 18:50:49.084
2020-05-04 18:50:49,926849,927326,2020-05-04 18:50:49.618
2020-05-04 18:50:50,926849,927326,2020-05-04 18:50:50.153
2020-05-04 18:50:50,926856,927326,2020-05-04 18:50:50.695
2020-05-04 18:50:51,926858,927326,2020-05-04 18:50:51.670
2020-05-04 18:50:52,926940,927326,2020-05-04 18:50:52.391
2020-05-04 18:50:52,927115,927506,2020-05-04 18:50:52.976
2020-05-04 18:50:53,927116,927546,2020-05-04 18:50:53.690
2020-05-04 18:50:54,927143,927543,2020-05-04 18:50:54.371
2020-05-04 18:50:54,927143,927542,2020-05-04 18:50:54.978
2020-05-04 18:50:55,927148,927542,2020-05-04 18:50:55.536
2020-05-04 18:50:56,927148,927541,2020-05-04 18:50:56.321
2020-05-04 18:50:56,926967,927540,2020-05-04 18:50:56.882
2020-05-04 18:50:57,926968,927696,2020-05-04 18:50:57.412
2020-05-04 18:50:57,926968,927696,2020-05-04 18:50:57.953
2020-05-04 18:50:58,926999,927683,2020-05-04 18:50:58.883
2020-05-04 18:50:59,927114,927675,2020-05-04 18:50:59.394
2020-05-04 18:50:59,927559,927675,2020-05-04 18:50:59.910
2020-05-04 18:51:00,927536,927675,2020-05-04 18:51:00.484
2020-05-04 18:51:01,927564,927678,2020-05-04 18:51:01.000
2020-05-04 18:51:01,927331,927678,2020-05-04 18:51:01.523
2020-05-04 18:51:02,927352,927920,2020-05-04 18:51:02.082
2020-05-04 18:51:02,927353,928090,2020-05-04 18:51:02.644
2020-05-04 18:51:03,928090,928134,2020-05-04 18:51:03.178
2020-05-04 18:51:03,928095,928134,2020-05-04 18:51:03.757
2020-05-04 18:51:04,927511,928246,2020-05-04 18:51:04.382
2020-05-04 18:51:04,927564,928344,2020-05-04 18:51:04.931
2020-05-04 18:51:05,928134,928442,2020-05-04 18:51:05.827
2020-05-04 18:51:06,928134,928442,2020-05-04 18:51:06.462
2020-05-04 18:51:07,928134,928323,2020-05-04 18:51:07.084
2020-05-04 18:51:07,928134,928454,2020-05-04 18:51:07.613
2020-05-04 18:51:08,928134,928454,2020-05-04 18:51:08.153
2020-05-04 18:51:08,928047,928454,2020-05-04 18:51:08.702
2020-05-04 18:51:09,927925,928454,2020-05-04 18:51:09.369
2020-05-04 18:51:09,927881,928454,2020-05-04 18:51:09.890
2020-05-04 18:51:10,927888,928454,2020-05-04 18:51:10.456
2020-05-04 18:51:11,927888,928450,2020-05-04 18:51:11.036
2020-05-04 18:51:12,927888,928454,2020-05-04 18:51:11.617
2020-05-04 18:51:13,927922,928442,2020-05-04 18:51:13.136
2020-05-04 18:51:13,927947,928454,2020-05-04 18:51:13.671
2020-05-04 18:51:14,927980,928454,2020-05-04 18:51:14.237
2020-05-04 18:51:14,927980,928454,2020-05-04 18:51:14.747
2020-05-04 18:51:15,927985,928454,2020-05-04 18:51:15.272
2020-05-04 18:51:15,927957,928454,2020-05-04 18:51:15.798
2020-05-04 18:51:16,927957,928454,2020-05-04 18:51:16.600
2020-05-04 18:51:17,928033,928454,2020-05-04 18:51:17.118
2020-05-04 18:51:17,928033,928454,2020-05-04 18:51:17.634
2020-05-04 18:51:18,928054,928454,2020-05-04 18:51:18.151
2020-05-04 18:51:18,928062,928454,2020-05-04 18:51:18.696
2020-05-04 18:51:19,928062,928454,2020-05-04 18:51:19.232
2020-05-04 18:51:19,928062,928454,2020-05-04 18:51:19.762
2020-05-04 18:51:20,928062,928453,2020-05-04 18:51:20.268
2020-05-04 18:51:20,928022,928454,2020-05-04 18:51:20.854
2020-05-04 18:51:21,928043,928454,2020-05-04 18:51:21.481
2020-05-04 18:51:21,928043,928454,2020-05-04 18:51:21.997
2020-05-04 18:51:22,928048,928454,2020-05-04 18:51:22.543
2020-05-04 18:51:23,928048,928453,2020-05-04 18:51:23.073
2020-05-04 18:51:23,928048,928453,2020-05-04 18:51:23.709
2020-05-04 18:51:24,928048,928453,2020-05-04 18:51:24.256
2020-05-04 18:51:24,927934,928453,2020-05-04 18:51:24.830
2020-05-04 18:51:25,927935,928453,2020-05-04 18:51:25.378
2020-05-04 18:51:25,927935,928453,2020-05-04 18:51:25.893
2020-05-04 18:51:26,927956,928453,2020-05-04 18:51:26.833
2020-05-04 18:51:27,927961,928451,2020-05-04 18:51:27.347
2020-05-04 18:51:27,927961,928449,2020-05-04 18:51:27.853
2020-05-04 18:51:28,927961,928448,2020-05-04 18:51:28.364
2020-05-04 18:51:28,927811,928442,2020-05-04 18:51:28.879
2020-05-04 18:51:29,927910,928440,2020-05-04 18:51:29.405
2020-05-04 18:51:30,927914,928439,2020-05-04 18:51:30.564
2020-05-04 18:51:31,927937,928431,2020-05-04 18:51:31.091
2020-05-04 18:51:31,927942,928424,2020-05-04 18:51:31.595
2020-05-04 18:51:32,927950,928423,2020-05-04 18:51:32.155
2020-05-04 18:51:32,927950,928423,2020-05-04 18:51:32.814
2020-05-04 18:51:33,927951,928423,2020-05-04 18:51:33.328
2020-05-04 18:51:34,927996,928407,2020-05-04 18:51:34.360
2020-05-04 18:51:34,927996,928406,2020-05-04 18:51:34.884
2020-05-04 18:51:35,927996,928406,2020-05-04 18:51:35.477
2020-05-04 18:51:36,927993,928406,2020-05-04 18:51:36.063
2020-05-04 18:51:36,927987,928406,2020-05-04 18:51:36.677
2020-05-04 18:51:37,927987,928399,2020-05-04 18:51:37.188
2020-05-04 18:51:37,927987,928398,2020-05-04 18:51:37.789
2020-05-04 18:51:38,927871,928398,2020-05-04 18:51:38.329
2020-05-04 18:51:38,927950,928398,2020-05-04 18:51:38.893
2020-05-04 18:51:39,927951,928398,2020-05-04 18:51:39.848
2020-05-04 18:51:40,927959,928390,2020-05-04 18:51:40.390
2020-05-04 18:51:41,927962,928390,2020-05-04 18:51:41.034
2020-05-04 18:51:41,927962,928390,2020-05-04 18:51:41.678
2020-05-04 18:51:42,927975,928390,2020-05-04 18:51:42.197
2020-05-04 18:51:42,927980,928383,2020-05-04 18:51:42.732
2020-05-04 18:51:43,927980,928382,2020-05-04 18:51:43.536
2020-05-04 18:51:44,927981,928382,2020-05-04 18:51:44.113
2020-05-04 18:51:44,928011,928382,2020-05-04 18:51:44.827
2020-05-04 18:51:45,928011,928382,2020-05-04 18:51:45.361
2020-05-04 18:51:45,928017,928382,2020-05-04 18:51:45.902
2020-05-04 18:51:46,928039,928382,2020-05-04 18:51:46.477
2020-05-04 18:51:47,928044,928382,2020-05-04 18:51:47.340
2020-05-04 18:51:47,928044,928382,2020-05-04 18:51:47.852
2020-05-04 18:51:48,928043,928382,2020-05-04 18:51:48.370
2020-05-04 18:51:49,928043,928382,2020-05-04 18:51:49.093
2020-05-04 18:51:49,928015,928382,2020-05-04 18:51:49.656
2020-05-04 18:51:50,928015,928381,2020-05-04 18:51:50.176
2020-05-04 18:51:50,927996,928374,2020-05-04 18:51:50.686
2020-05-04 18:51:51,927997,928374,2020-05-04 18:51:51.483
2020-05-04 18:51:52,927944,928373,2020-05-04 18:51:52.103
2020-05-04 18:51:52,927965,928302,2020-05-04 18:51:52.631
2020-05-04 18:51:53,927970,928301,2020-05-04 18:51:53.215
2020-05-04 18:51:53,927970,928301,2020-05-04 18:51:53.799
2020-05-04 18:51:54,927965,928293,2020-05-04 18:51:54.340
2020-05-04 18:51:54,927934,928289,2020-05-04 18:51:54.854
2020-05-04 18:51:55,927931,928288,2020-05-04 18:51:55.447
2020-05-04 18:51:55,927936,928288,2020-05-04 18:51:55.970
2020-05-04 18:51:56,927940,928267,2020-05-04 18:51:56.703
2020-05-04 18:51:57,927879,928262,2020-05-04 18:51:57.225
2020-05-04 18:51:58,927879,928262,2020-05-04 18:51:58.296
2020-05-04 18:51:58,927879,928253,2020-05-04 18:51:58.831
2020-05-04 18:51:59,927879,928245,2020-05-04 18:51:59.354
2020-05-04 18:51:59,927860,928244,2020-05-04 18:51:59.895
2020-05-04 18:52:00,927860,928223,2020-05-04 18:52:00.518
2020-05-04 18:52:01,927860,928222,2020-05-04 18:52:01.059
2020-05-04 18:52:02,927860,928208,2020-05-04 18:52:02.603
2020-05-04 18:52:03,927855,928203,2020-05-04 18:52:03.144
2020-05-04 18:52:03,927860,928205,2020-05-04 18:52:03.676
2020-05-04 18:52:04,927855,928184,2020-05-04 18:52:04.234
2020-05-04 18:52:04,927855,928176,2020-05-04 18:52:04.782
2020-05-04 18:52:05,927860,928175,2020-05-04 18:52:05.421
2020-05-04 18:52:05,927860,928175,2020-05-04 18:52:05.935
2020-05-04 18:52:06,927855,928170,2020-05-04 18:52:06.534
2020-05-04 18:52:07,927860,928163,2020-05-04 18:52:07.092
2020-05-04 18:52:07,927860,928162,2020-05-04 18:52:07.655
2020-05-04 18:52:08,927855,928162,2020-05-04 18:52:08.167
2020-05-04 18:52:09,927860,928141,2020-05-04 18:52:09.447
2020-05-04 18:52:10,927855,928133,2020-05-04 18:52:10.683
2020-05-04 18:52:11,927855,928132,2020-05-04 18:52:11.217
2020-05-04 18:52:11,927855,928126,2020-05-04 18:52:11.886
2020-05-04 18:52:12,927755,928126,2020-05-04 18:52:12.391
2020-05-04 18:52:12,927628,928089,2020-05-04 18:52:12.907
2020-05-04 18:52:13,927575,927628,2020-05-04 18:52:13.429
2020-05-04 18:52:13,927575,927628,2020-05-04 18:52:13.946
2020-05-04 18:52:14,927575,927628,2020-05-04 18:52:14.475
2020-05-04 18:52:15,927575,927628,2020-05-04 18:52:15.132
2020-05-04 18:52:15,927575,927822,2020-05-04 18:52:15.720
2020-05-04 18:52:16,927575,927903,2020-05-04 18:52:16.322
2020-05-04 18:52:16,927575,927896,2020-05-04 18:52:16.842
2020-05-04 18:52:17,927596,927895,2020-05-04 18:52:17.397
2020-05-04 18:52:17,927596,927888,2020-05-04 18:52:17.984
2020-05-04 18:52:18,927596,927886,2020-05-04 18:52:18.514
2020-05-04 18:52:19,927596,927885,2020-05-04 18:52:19.020
2020-05-04 18:52:19,927596,927885,2020-05-04 18:52:19.948
2020-05-04 18:52:20,927596,927879,2020-05-04 18:52:20.478
2020-05-04 18:52:21,927596,927874,2020-05-04 18:52:21.007
2020-05-04 18:52:22,927596,927873,2020-05-04 18:52:22.524
2020-05-04 18:52:23,927596,927873,2020-05-04 18:52:23.081
2020-05-04 18:52:23,927596,927872,2020-05-04 18:52:23.626
2020-05-04 18:52:24,927596,927872,2020-05-04 18:52:24.143
2020-05-04 18:52:24,927596,927867,2020-05-04 18:52:24.729
2020-05-04 18:52:25,927596,927915,2020-05-04 18:52:25.247
2020-05-04 18:52:25,927596,927867,2020-05-04 18:52:25.812
2020-05-04 18:52:26,927596,927917,2020-05-04 18:52:26.354
2020-05-04 18:52:26,927596,927917,2020-05-04 18:52:26.872
2020-05-04 18:52:27,927574,927917,2020-05-04 18:52:27.401
2020-05-04 18:52:27,927576,927970,2020-05-04 18:52:27.956
2020-05-04 18:52:28,927576,927970,2020-05-04 18:52:28.480
2020-05-04 18:52:29,927576,927962,2020-05-04 18:52:29.295
2020-05-04 18:52:29,927599,927957,2020-05-04 18:52:29.841
2020-05-04 18:52:30,927599,927957,2020-05-04 18:52:30.367
2020-05-04 18:52:30,927599,927962,2020-05-04 18:52:30.874
2020-05-04 18:52:31,927599,927962,2020-05-04 18:52:31.710
2020-05-04 18:52:32,927599,928007,2020-05-04 18:52:32.255
2020-05-04 18:52:32,927599,928000,2020-05-04 18:52:32.768
2020-05-04 18:52:33,927586,927998,2020-05-04 18:52:33.300
2020-05-04 18:52:34,927588,927993,2020-05-04 18:52:34.126
2020-05-04 18:52:34,927589,927985,2020-05-04 18:52:34.676
2020-05-04 18:52:35,927610,927984,2020-05-04 18:52:35.199
2020-05-04 18:52:35,927610,927984,2020-05-04 18:52:35.818
2020-05-04 18:52:36,927610,927980,2020-05-04 18:52:36.671
2020-05-04 18:52:37,927610,927971,2020-05-04 18:52:37.245
2020-05-04 18:52:38,927610,927971,2020-05-04 18:52:38.071
2020-05-04 18:52:38,927570,927965,2020-05-04 18:52:38.586
2020-05-04 18:52:39,927570,927959,2020-05-04 18:52:39.186
2020-05-04 18:52:39,927591,927952,2020-05-04 18:52:39.749
2020-05-04 18:52:40,927591,927951,2020-05-04 18:52:40.267
2020-05-04 18:52:40,927591,927950,2020-05-04 18:52:40.941
2020-05-04 18:52:41,927591,927945,2020-05-04 18:52:41.468
2020-05-04 18:52:41,927591,927940,2020-05-04 18:52:41.986
2020-05-04 18:52:42,927591,927932,2020-05-04 18:52:42.522
2020-05-04 18:52:43,927591,927932,2020-05-04 18:52:43.053
2020-05-04 18:52:43,927591,927928,2020-05-04 18:52:43.743
2020-05-04 18:52:44,927570,927922,2020-05-04 18:52:44.308
2020-05-04 18:52:44,927570,927921,2020-05-04 18:52:44.848
2020-05-04 18:52:45,927570,927913,2020-05-04 18:52:45.380
2020-05-04 18:52:45,927570,927912,2020-05-04 18:52:45.913
2020-05-04 18:52:46,927570,927887,2020-05-04 18:52:46.420
2020-05-04 18:52:46,927570,927887,2020-05-04 18:52:46.937
2020-05-04 18:52:47,927570,927881,2020-05-04 18:52:47.762
2020-05-04 18:52:48,927570,927879,2020-05-04 18:52:48.327
2020-05-04 18:52:48,927570,927873,2020-05-04 18:52:48.901
2020-05-04 18:52:49,927570,927869,2020-05-04 18:52:49.477
2020-05-04 18:52:50,927570,927868,2020-05-04 18:52:50.046
2020-05-04 18:52:50,927570,927861,2020-05-04 18:52:50.763
2020-05-04 18:52:51,927570,927860,2020-05-04 18:52:51.419
2020-05-04 18:52:51,927570,927859,2020-05-04 18:52:51.926
2020-05-04 18:52:52,927570,927859,2020-05-04 18:52:52.537
2020-05-04 18:52:53,927570,927833,2020-05-04 18:52:53.069
2020-05-04 18:52:53,927570,927826,2020-05-04 18:52:53.578
2020-05-04 18:52:54,927570,927825,2020-05-04 18:52:54.098
2020-05-04 18:52:54,927570,927820,2020-05-04 18:52:54.825
2020-05-04 18:52:55,927570,927819,2020-05-04 18:52:55.522
2020-05-04 18:52:56,927570,927798,2020-05-04 18:52:56.107
2020-05-04 18:52:56,927470,927793,2020-05-04 18:52:56.631
2020-05-04 18:52:57,927470,927792,2020-05-04 18:52:57.192
2020-05-04 18:52:57,927470,927792,2020-05-04 18:52:57.746
2020-05-04 18:52:58,927470,927792,2020-05-04 18:52:58.317
2020-05-04 18:52:58,926935,927784,2020-05-04 18:52:58.853
2020-05-04 18:52:59,926935,927784,2020-05-04 18:52:59.381
2020-05-04 18:52:59,927097,927762,2020-05-04 18:52:59.904
2020-05-04 18:53:00,927149,927451,2020-05-04 18:53:00.444
2020-05-04 18:53:01,927149,927547,2020-05-04 18:53:01.212
2020-05-04 18:53:01,926965,927608,2020-05-04 18:53:01.746
2020-05-04 18:53:02,926966,927607,2020-05-04 18:53:02.285
2020-05-04 18:53:02,926966,927285,2020-05-04 18:53:02.819
2020-05-04 18:53:03,926966,927285,2020-05-04 18:53:03.363
2020-05-04 18:53:03,926966,927259,2020-05-04 18:53:03.930
2020-05-04 18:53:04,926966,927251,2020-05-04 18:53:04.514
2020-05-04 18:53:05,926420,926466,2020-05-04 18:53:05.038
2020-05-04 18:53:05,926599,926734,2020-05-04 18:53:05.546
2020-05-04 18:53:06,926599,926985,2020-05-04 18:53:06.138
2020-05-04 18:53:06,926599,926985,2020-05-04 18:53:06.676
2020-05-04 18:53:07,926625,926744,2020-05-04 18:53:07.605
2020-05-04 18:53:08,926625,926744,2020-05-04 18:53:08.117
2020-05-04 18:53:08,926630,926744,2020-05-04 18:53:08.642
2020-05-04 18:53:09,926630,926744,2020-05-04 18:53:09.225
2020-05-04 18:53:09,926630,926744,2020-05-04 18:53:09.756
2020-05-04 18:53:10,926630,926744,2020-05-04 18:53:10.327
2020-05-04 18:53:10,926604,926744,2020-05-04 18:53:10.847
2020-05-04 18:53:11,926604,926744,2020-05-04 18:53:11.648
2020-05-04 18:53:12,926620,926744,2020-05-04 18:53:12.202
2020-05-04 18:53:12,926625,926744,2020-05-04 18:53:12.801
2020-05-04 18:53:13,926625,926744,2020-05-04 18:53:13.349
2020-05-04 18:53:13,926599,926744,2020-05-04 18:53:13.892
2020-05-04 18:53:14,926625,926744,2020-05-04 18:53:14.831
2020-05-04 18:53:15,926604,926744,2020-05-04 18:53:15.752
2020-05-04 18:53:16,926625,926744,2020-05-04 18:53:16.267
2020-05-04 18:53:16,926630,926744,2020-05-04 18:53:16.808
2020-05-04 18:53:17,926630,926980,2020-05-04 18:53:17.348
2020-05-04 18:53:17,926744,927128,2020-05-04 18:53:17.895
2020-05-04 18:53:18,927003,927127,2020-05-04 18:53:18.470
2020-05-04 18:53:19,927008,927127,2020-05-04 18:53:19.098
2020-05-04 18:53:19,927009,927243,2020-05-04 18:53:19.604
2020-05-04 18:53:20,927010,927242,2020-05-04 18:53:20.701
2020-05-04 18:53:21,927031,927242,2020-05-04 18:53:21.216
2020-05-04 18:53:21,927036,927498,2020-05-04 18:53:21.848
2020-05-04 18:53:22,927042,927242,2020-05-04 18:53:22.370
2020-05-04 18:53:22,927037,927351,2020-05-04 18:53:22.888
2020-05-04 18:53:23,927038,927499,2020-05-04 18:53:23.540
2020-05-04 18:53:24,927044,927489,2020-05-04 18:53:24.049
2020-05-04 18:53:24,927044,927489,2020-05-04 18:53:24.711
2020-05-04 18:53:25,927049,927364,2020-05-04 18:53:25.403
2020-05-04 18:53:26,927008,927201,2020-05-04 18:53:26.097
2020-05-04 18:53:26,927008,927199,2020-05-04 18:53:26.653
2020-05-04 18:53:27,927008,927199,2020-05-04 18:53:27.161
2020-05-04 18:53:28,927008,927198,2020-05-04 18:53:27.865
2020-05-04 18:53:29,927008,927176,2020-05-04 18:53:29.374
2020-05-04 18:53:30,927008,927101,2020-05-04 18:53:30.009
2020-05-04 18:53:30,927008,927101,2020-05-04 18:53:30.554
2020-05-04 18:53:31,927008,927058,2020-05-04 18:53:31.067
2020-05-04 18:53:31,927008,927058,2020-05-04 18:53:31.708
2020-05-04 18:53:32,927003,927053,2020-05-04 18:53:32.252
2020-05-04 18:53:32,927008,927053,2020-05-04 18:53:32.784
2020-05-04 18:53:33,927005,927032,2020-05-04 18:53:33.305
2020-05-04 18:53:34,927008,927190,2020-05-04 18:53:34.003
2020-05-04 18:53:34,927008,927185,2020-05-04 18:53:34.663
2020-05-04 18:53:35,927008,927185,2020-05-04 18:53:35.389
2020-05-04 18:53:35,927006,927158,2020-05-04 18:53:35.918
2020-05-04 18:53:36,927006,927154,2020-05-04 18:53:36.469
2020-05-04 18:53:36,927006,927152,2020-05-04 18:53:36.998
2020-05-04 18:53:37,927006,927152,2020-05-04 18:53:37.505
2020-05-04 18:53:38,927006,927151,2020-05-04 18:53:38.040
2020-05-04 18:53:38,927006,927125,2020-05-04 18:53:38.626
