timestamp,bid,ask,tick_timestamp
2020-05-04 18:35:30,924436,924580,2020-05-04 18:35:30.250
2020-05-04 18:35:30,924436,924580,2020-05-04 18:35:30.971
2020-05-04 18:35:31,924436,924580,2020-05-04 18:35:31.512
2020-05-04 18:35:32,924436,924580,2020-05-04 18:35:32.288
2020-05-04 18:35:32,924436,924580,2020-05-04 18:35:32.804
2020-05-04 18:35:33,924436,924580,2020-05-04 18:35:33.440
2020-05-04 18:35:33,924436,924580,2020-05-04 18:35:33.956
2020-05-04 18:35:34,924436,924730,2020-05-04 18:35:34.469
2020-05-04 18:35:34,924465,924796,2020-05-04 18:35:34.976
2020-05-04 18:35:35,924489,924790,2020-05-04 18:35:35.625
2020-05-04 18:35:36,924520,924786,2020-05-04 18:35:36.152
2020-05-04 18:35:36,924489,924772,2020-05-04 18:35:36.696
2020-05-04 18:35:37,924497,924492,2020-05-04 18:35:37.264
2020-05-04 18:35:37,924497,924492,2020-05-04 18:35:37.784
2020-05-04 18:35:38,924497,924492,2020-05-04 18:35:38.356
2020-05-04 18:35:39,924497,924492,2020-05-04 18:35:39.225
2020-05-04 18:35:40,924497,924492,2020-05-04 18:35:40.225
2020-05-04 18:35:40,924497,924492,2020-05-04 18:35:40.766
2020-05-04 18:35:41,924497,924461,2020-05-04 18:35:41.359
2020-05-04 18:35:41,924497,924795,2020-05-04 18:35:41.895
2020-05-04 18:35:42,924548,924805,2020-05-04 18:35:42.460
2020-05-04 18:35:42,924497,924830,2020-05-04 18:35:42.973
2020-05-04 18:35:43,924371,924543,2020-05-04 18:35:43.613
2020-05-04 18:35:44,924248,924443,2020-05-04 18:35:44.124
2020-05-04 18:35:44,924300,924305,2020-05-04 18:35:44.633
2020-05-04 18:35:46,924300,924303,2020-05-04 18:35:46.333
2020-05-04 18:35:47,924300,924303,2020-05-04 18:35:46.939
2020-05-04 18:35:47,924300,924303,2020-05-04 18:35:47.518
2020-05-04 18:35:48,924300,924303,2020-05-04 18:35:48.026
2020-05-04 18:35:48,924000,924303,2020-05-04 18:35:48.538
2020-05-04 18:35:49,924001,924272,2020-05-04 18:35:49.236
2020-05-04 18:35:49,924001,924262,2020-05-04 18:35:49.776
2020-05-04 18:35:50,924005,924262,2020-05-04 18:35:50.300
2020-05-04 18:35:51,924005,924262,2020-05-04 18:35:51.063
2020-05-04 18:35:51,924000,924262,2020-05-04 18:35:51.580
2020-05-04 18:35:52,924000,924254,2020-05-04 18:35:52.122
2020-05-04 18:35:53,924039,924237,2020-05-04 18:35:53.118
2020-05-04 18:35:53,924039,924208,2020-05-04 18:35:53.783
2020-05-04 18:35:54,924000,924203,2020-05-04 18:35:54.322
2020-05-04 18:35:54,923902,923902,2020-05-04 18:35:54.881
2020-05-04 18:35:55,923767,923880,2020-05-04 18:35:55.410
2020-05-04 18:35:55,923767,923833,2020-05-04 18:35:55.920
2020-05-04 18:35:56,923772,923767,2020-05-04 18:35:56.457
2020-05-04 18:35:56,923772,923767,2020-05-04 18:35:56.991
2020-05-04 18:35:57,923772,923765,2020-05-04 18:35:57.512
2020-05-04 18:35:58,923725,923765,2020-05-04 18:35:58.043
2020-05-04 18:35:58,923725,923765,2020-05-04 18:35:58.569
2020-05-04 18:35:59,923717,923718,2020-05-04 18:35:59.122
2020-05-04 18:35:59,923717,923716,2020-05-04 18:35:59.642
2020-05-04 18:36:00,923717,923716,2020-05-04 18:36:00.208
2020-05-04 18:36:00,923717,923678,2020-05-04 18:36:00.798
2020-05-04 18:36:01,923661,923833,2020-05-04 18:36:01.303
2020-05-04 18:36:01,923691,923847,2020-05-04 18:36:01.819
2020-05-04 18:36:02,923691,923854,2020-05-04 18:36:02.400
2020-05-04 18:36:02,923691,923854,2020-05-04 18:36:02.906
2020-05-04 18:36:03,923691,923810,2020-05-04 18:36:03.456
2020-05-04 18:36:04,923691,923810,2020-05-04 18:36:03.979
2020-05-04 18:36:04,923682,923810,2020-05-04 18:36:04.582
2020-05-04 18:36:05,923682,923810,2020-05-04 18:36:05.462
2020-05-04 18:36:06,923682,923810,2020-05-04 18:36:06.018
2020-05-04 18:36:06,923731,923807,2020-05-04 18:36:06.521
2020-05-04 18:36:07,923834,923854,2020-05-04 18:36:07.105
2020-05-04 18:36:07,923834,923854,2020-05-04 18:36:07.643
2020-05-04 18:36:08,923834,923889,2020-05-04 18:36:08.345
2020-05-04 18:36:08,923853,923901,2020-05-04 18:36:08.854
2020-05-04 18:36:09,923853,923984,2020-05-04 18:36:09.377
2020-05-04 18:36:09,923812,923831,2020-05-04 18:36:09.927
2020-05-04 18:36:10,923861,923831,2020-05-04 18:36:10.473
2020-05-04 18:36:10,923861,923831,2020-05-04 18:36:10.991
2020-05-04 18:36:11,923861,923879,2020-05-04 18:36:11.521
2020-05-04 18:36:12,923861,923879,2020-05-04 18:36:12.156
2020-05-04 18:36:13,923863,923879,2020-05-04 18:36:13.423
2020-05-04 18:36:14,923863,923879,2020-05-04 18:36:14.398
2020-05-04 18:36:14,923869,924008,2020-05-04 18:36:14.950
2020-05-04 18:36:15,923869,924008,2020-05-04 18:36:15.600
2020-05-04 18:36:16,924009,924008,2020-05-04 18:36:16.111
2020-05-04 18:36:16,923883,924008,2020-05-04 18:36:16.634
2020-05-04 18:36:17,923883,923984,2020-05-04 18:36:17.165
2020-05-04 18:36:17,923883,923984,2020-05-04 18:36:17.697
2020-05-04 18:36:18,923883,923979,2020-05-04 18:36:18.268
2020-05-04 18:36:18,923883,923979,2020-05-04 18:36:18.912
2020-05-04 18:36:19,923883,923979,2020-05-04 18:36:19.457
2020-05-04 18:36:19,923883,923969,2020-05-04 18:36:19.997
2020-05-04 18:36:20,923883,923969,2020-05-04 18:36:20.537
2020-05-04 18:36:21,923883,923969,2020-05-04 18:36:21.821
2020-05-04 18:36:22,923883,923969,2020-05-04 18:36:22.722
2020-05-04 18:36:23,923883,923969,2020-05-04 18:36:23.261
2020-05-04 18:36:23,923883,923967,2020-05-04 18:36:23.788
2020-05-04 18:36:24,923883,923953,2020-05-04 18:36:24.353
2020-05-04 18:36:24,923883,923953,2020-05-04 18:36:24.872
2020-05-04 18:36:25,923883,923953,2020-05-04 18:36:25.732
2020-05-04 18:36:26,923883,923953,2020-05-04 18:36:26.268
2020-05-04 18:36:26,923920,923953,2020-05-04 18:36:26.778
2020-05-04 18:36:28,924019,924110,2020-05-04 18:36:28.085
2020-05-04 18:36:28,924110,924130,2020-05-04 18:36:28.744
2020-05-04 18:36:29,924257,924336,2020-05-04 18:36:29.273
2020-05-04 18:36:30,924257,924336,2020-05-04 18:36:30.025
2020-05-04 18:36:30,924257,924336,2020-05-04 18:36:30.593
2020-05-04 18:36:31,924307,924336,2020-05-04 18:36:31.127
2020-05-04 18:36:31,924307,924336,2020-05-04 18:36:31.646
2020-05-04 18:36:32,924257,924307,2020-05-04 18:36:32.164
2020-05-04 18:36:32,924257,924307,2020-05-04 18:36:32.744
2020-05-04 18:36:33,924257,924307,2020-05-04 18:36:33.422
2020-05-04 18:36:33,924257,924307,2020-05-04 18:36:33.948
2020-05-04 18:36:34,924257,924307,2020-05-04 18:36:34.509
2020-05-04 18:36:35,924257,924307,2020-05-04 18:36:35.023
2020-05-04 18:36:35,924257,924307,2020-05-04 18:36:35.563
2020-05-04 18:36:36,924257,924307,2020-05-04 18:36:36.714
2020-05-04 18:36:37,924257,924307,2020-05-04 18:36:37.248
2020-05-04 18:36:37,924259,924307,2020-05-04 18:36:37.868
2020-05-04 18:36:38,924245,924307,2020-05-04 18:36:38.397
2020-05-04 18:36:39,924246,924307,2020-05-04 18:36:39.216
2020-05-04 18:36:39,924278,924307,2020-05-04 18:36:39.837
2020-05-04 18:36:41,924390,924392,2020-05-04 18:36:41.514
2020-05-04 18:36:42,924390,924392,2020-05-04 18:36:42.287
2020-05-04 18:36:42,924390,924392,2020-05-04 18:36:42.841
2020-05-04 18:36:43,924390,924392,2020-05-04 18:36:43.372
2020-05-04 18:36:43,924390,924392,2020-05-04 18:36:43.909
2020-05-04 18:36:44,924390,924392,2020-05-04 18:36:44.464
2020-05-04 18:36:44,924390,924392,2020-05-04 18:36:44.986
2020-05-04 18:36:45,924390,924392,2020-05-04 18:36:45.562
2020-05-04 18:36:46,924390,924392,2020-05-04 18:36:46.434
2020-05-04 18:36:46,924390,924392,2020-05-04 18:36:46.958
2020-05-04 18:36:47,924390,924392,2020-05-04 18:36:47.852
2020-05-04 18:36:48,924390,924392,2020-05-04 18:36:48.433
2020-05-04 18:36:49,924390,924392,2020-05-04 18:36:49.001
2020-05-04 18:36:49,924390,924392,2020-05-04 18:36:49.603
2020-05-04 18:36:50,924390,924392,2020-05-04 18:36:50.229
2020-05-04 18:36:50,924273,924327,2020-05-04 18:36:50.741
2020-05-04 18:36:51,924110,924327,2020-05-04 18:36:51.288
2020-05-04 18:36:51,924273,924174,2020-05-04 18:36:51.799
2020-05-04 18:36:52,924115,924164,2020-05-04 18:36:52.415
2020-05-04 18:36:52,924073,924164,2020-05-04 18:36:52.954
2020-05-04 18:36:53,924010,923984,2020-05-04 18:36:53.831
2020-05-04 18:36:54,923884,923885,2020-05-04 18:36:54.820
2020-05-04 18:36:55,923884,923884,2020-05-04 18:36:55.340
2020-05-04 18:36:55,923789,923790,2020-05-04 18:36:55.863
2020-05-04 18:36:56,923820,923790,2020-05-04 18:36:56.369
2020-05-04 18:36:56,923789,923790,2020-05-04 18:36:56.876
2020-05-04 18:36:57,923789,923790,2020-05-04 18:36:57.653
2020-05-04 18:36:58,923789,923764,2020-05-04 18:36:58.183
2020-05-04 18:36:58,923667,923753,2020-05-04 18:36:58.726
2020-05-04 18:36:59,923678,923753,2020-05-04 18:36:59.272
2020-05-04 18:36:59,923678,923753,2020-05-04 18:36:59.960
2020-05-04 18:37:00,923678,923753,2020-05-04 18:37:00.702
2020-05-04 18:37:01,923765,923764,2020-05-04 18:37:01.241
2020-05-04 18:37:01,923765,923764,2020-05-04 18:37:01.805
2020-05-04 18:37:02,923589,923764,2020-05-04 18:37:02.366
2020-05-04 18:37:02,923589,923590,2020-05-04 18:37:02.883
2020-05-04 18:37:04,923601,923590,2020-05-04 18:37:04.167
2020-05-04 18:37:04,923589,923590,2020-05-04 18:37:04.711
2020-05-04 18:37:05,923505,923590,2020-05-04 18:37:05.223
2020-05-04 18:37:05,923505,923590,2020-05-04 18:37:05.876
2020-05-04 18:37:06,923538,923590,2020-05-04 18:37:06.411
2020-05-04 18:37:06,923618,923590,2020-05-04 18:37:06.915
2020-05-04 18:37:08,923618,923590,2020-05-04 18:37:08.286
2020-05-04 18:37:08,923643,923590,2020-05-04 18:37:08.882
2020-05-04 18:37:09,923643,923590,2020-05-04 18:37:09.401
2020-05-04 18:37:10,923643,923590,2020-05-04 18:37:10.216
2020-05-04 18:37:10,923643,923865,2020-05-04 18:37:10.773
2020-05-04 18:37:11,923665,923865,2020-05-04 18:37:11.316
2020-05-04 18:37:11,923445,923865,2020-05-04 18:37:11.927
2020-05-04 18:37:12,923445,923792,2020-05-04 18:37:12.456
2020-05-04 18:37:13,923500,923792,2020-05-04 18:37:13.010
2020-05-04 18:37:13,923543,923792,2020-05-04 18:37:13.831
2020-05-04 18:37:14,923543,923792,2020-05-04 18:37:14.527
2020-05-04 18:37:15,923543,923792,2020-05-04 18:37:15.045
2020-05-04 18:37:15,923543,923792,2020-05-04 18:37:15.562
2020-05-04 18:37:16,923543,923735,2020-05-04 18:37:16.095
2020-05-04 18:37:16,923543,923700,2020-05-04 18:37:16.601
2020-05-04 18:37:17,923543,923700,2020-05-04 18:37:17.103
2020-05-04 18:37:17,923320,923678,2020-05-04 18:37:17.609
2020-05-04 18:37:18,923225,923678,2020-05-04 18:37:18.300
2020-05-04 18:37:18,923237,923279,2020-05-04 18:37:18.820
2020-05-04 18:37:19,923146,923254,2020-05-04 18:37:19.371
2020-05-04 18:37:19,923146,923199,2020-05-04 18:37:19.889
2020-05-04 18:37:20,923146,923189,2020-05-04 18:37:20.430
2020-05-04 18:37:21,923086,923070,2020-05-04 18:37:21.878
2020-05-04 18:37:22,923086,923087,2020-05-04 18:37:22.432
2020-05-04 18:37:22,923075,923087,2020-05-04 18:37:22.956
2020-05-04 18:37:23,923111,923087,2020-05-04 18:37:23.492
2020-05-04 18:37:24,923060,923061,2020-05-04 18:37:24.077
2020-05-04 18:37:24,922998,923060,2020-05-04 18:37:24.597
2020-05-04 18:37:25,922998,923060,2020-05-04 18:37:25.118
2020-05-04 18:37:26,922998,923060,2020-05-04 18:37:26.029
2020-05-04 18:37:26,922998,923173,2020-05-04 18:37:26.578
2020-05-04 18:37:27,922998,923169,2020-05-04 18:37:27.095
2020-05-04 18:37:27,922998,923132,2020-05-04 18:37:27.609
2020-05-04 18:37:29,922998,923095,2020-05-04 18:37:29.101
2020-05-04 18:37:29,923085,923064,2020-05-04 18:37:29.627
2020-05-04 18:37:30,923085,923144,2020-05-04 18:37:30.151
2020-05-04 18:37:30,923085,923156,2020-05-04 18:37:30.682
2020-05-04 18:37:31,922827,922833,2020-05-04 18:37:31.215
2020-05-04 18:37:31,922827,922833,2020-05-04 18:37:31.797
2020-05-04 18:37:32,922827,922833,2020-05-04 18:37:32.784
2020-05-04 18:37:33,922827,922833,2020-05-04 18:37:33.305
2020-05-04 18:37:33,922827,922833,2020-05-04 18:37:33.833
2020-05-04 18:37:34,922910,922914,2020-05-04 18:37:34.840
2020-05-04 18:37:35,922930,922914,2020-05-04 18:37:35.535
2020-05-04 18:37:36,922930,923127,2020-05-04 18:37:36.037
2020-05-04 18:37:36,922980,923127,2020-05-04 18:37:36.548
2020-05-04 18:37:37,922960,923127,2020-05-04 18:37:37.056
2020-05-04 18:37:37,922960,922980,2020-05-04 18:37:37.898
2020-05-04 18:37:38,922930,922980,2020-05-04 18:37:38.412
2020-05-04 18:37:38,922829,922980,2020-05-04 18:37:38.923
2020-05-04 18:37:39,922829,922980,2020-05-04 18:37:39.809
2020-05-04 18:37:40,922829,922980,2020-05-04 18:37:40.355
2020-05-04 18:37:40,923085,923112,2020-05-04 18:37:40.887
2020-05-04 18:37:41,922829,923085,2020-05-04 18:37:41.759
2020-05-04 18:37:43,922882,923040,2020-05-04 18:37:43.076
2020-05-04 18:37:43,922882,923040,2020-05-04 18:37:43.671
2020-05-04 18:37:44,922882,923234,2020-05-04 18:37:44.218
2020-05-04 18:37:44,922882,923234,2020-05-04 18:37:44.734
2020-05-04 18:37:45,922882,923234,2020-05-04 18:37:45.256
2020-05-04 18:37:46,922882,923077,2020-05-04 18:37:46.525
2020-05-04 18:37:47,922882,923077,2020-05-04 18:37:47.054
2020-05-04 18:37:47,922824,923077,2020-05-04 18:37:47.595
2020-05-04 18:37:48,922824,923077,2020-05-04 18:37:48.119
2020-05-04 18:37:48,922824,923073,2020-05-04 18:37:48.634
2020-05-04 18:37:49,922824,923065,2020-05-04 18:37:49.270
2020-05-04 18:37:49,922824,923065,2020-05-04 18:37:49.833
2020-05-04 18:37:50,922835,923142,2020-05-04 18:37:50.341
2020-05-04 18:37:51,922882,923134,2020-05-04 18:37:51.202
2020-05-04 18:37:51,922882,923097,2020-05-04 18:37:51.845
2020-05-04 18:37:52,922882,923097,2020-05-04 18:37:52.421
2020-05-04 18:37:52,922882,923097,2020-05-04 18:37:52.971
2020-05-04 18:37:53,922904,923097,2020-05-04 18:37:53.510
2020-05-04 18:37:54,922906,923158,2020-05-04 18:37:54.094
2020-05-04 18:37:54,923159,923159,2020-05-04 18:37:54.733
2020-05-04 18:37:56,923159,923159,2020-05-04 18:37:56.352
2020-05-04 18:37:57,923159,923159,2020-05-04 18:37:57.821
2020-05-04 18:37:58,923159,923159,2020-05-04 18:37:58.357
2020-05-04 18:37:59,923159,923159,2020-05-04 18:37:58.881
2020-05-04 18:37:59,923002,923159,2020-05-04 18:37:59.784
2020-05-04 18:38:00,923002,923159,2020-05-04 18:38:00.291
2020-05-04 18:38:00,923002,923159,2020-05-04 18:38:00.832
2020-05-04 18:38:01,923002,923159,2020-05-04 18:38:01.514
2020-05-04 18:38:02,923002,923159,2020-05-04 18:38:02.345
2020-05-04 18:38:03,923002,923159,2020-05-04 18:38:03.035
2020-05-04 18:38:03,923064,923198,2020-05-04 18:38:03.746
2020-05-04 18:38:04,923065,923198,2020-05-04 18:38:04.359
2020-05-04 18:38:05,923065,923198,2020-05-04 18:38:05.636
2020-05-04 18:38:06,923065,923198,2020-05-04 18:38:06.334
2020-05-04 18:38:07,923065,923198,2020-05-04 18:38:07.111
2020-05-04 18:38:07,923065,923198,2020-05-04 18:38:07.648
2020-05-04 18:38:08,923079,923198,2020-05-04 18:38:08.159
2020-05-04 18:38:08,923079,923198,2020-05-04 18:38:08.669
2020-05-04 18:38:09,923079,923198,2020-05-04 18:38:09.230
2020-05-04 18:38:09,923127,923198,2020-05-04 18:38:09.811
2020-05-04 18:38:10,923127,923198,2020-05-04 18:38:10.524
2020-05-04 18:38:11,923127,923198,2020-05-04 18:38:11.110
2020-05-04 18:38:11,923127,923210,2020-05-04 18:38:11.638
2020-05-04 18:38:12,923279,923328,2020-05-04 18:38:12.185
2020-05-04 18:38:12,923390,923328,2020-05-04 18:38:12.713
2020-05-04 18:38:13,923396,923328,2020-05-04 18:38:13.252
2020-05-04 18:38:13,923441,923437,2020-05-04 18:38:13.923
2020-05-04 18:38:14,923441,923591,2020-05-04 18:38:14.446
2020-05-04 18:38:15,923530,923481,2020-05-04 18:38:14.992
2020-05-04 18:38:15,923530,923481,2020-05-04 18:38:15.539
2020-05-04 18:38:16,923530,923678,2020-05-04 18:38:16.068
2020-05-04 18:38:16,923790,923868,2020-05-04 18:38:16.611
2020-05-04 18:38:17,923914,923893,2020-05-04 18:38:17.140
2020-05-04 18:38:17,923510,923783,2020-05-04 18:38:17.660
2020-05-04 18:38:18,923633,923783,2020-05-04 18:38:18.185
2020-05-04 18:38:18,923893,923901,2020-05-04 18:38:18.772
2020-05-04 18:38:19,923993,923901,2020-05-04 18:38:19.326
2020-05-04 18:38:19,923993,924168,2020-05-04 18:38:19.882
2020-05-04 18:38:20,924127,924092,2020-05-04 18:38:20.436
2020-05-04 18:38:21,923993,924092,2020-05-04 18:38:21.017
2020-05-04 18:38:21,924095,924092,2020-05-04 18:38:21.530
2020-05-04 18:38:22,924095,924092,2020-05-04 18:38:22.121
2020-05-04 18:38:22,924091,924091,2020-05-04 18:38:22.649
2020-05-04 18:38:23,924091,924090,2020-05-04 18:38:23.307
2020-05-04 18:38:23,924091,924090,2020-05-04 18:38:23.812
2020-05-04 18:38:24,924091,924090,2020-05-04 18:38:24.337
2020-05-04 18:38:24,924102,924097,2020-05-04 18:38:24.849
2020-05-04 18:38:25,924152,924155,2020-05-04 18:38:25.372
2020-05-04 18:38:25,924152,924155,2020-05-04 18:38:25.886
2020-05-04 18:38:26,924164,924260,2020-05-04 18:38:26.524
2020-05-04 18:38:27,924352,924309,2020-05-04 18:38:27.084
2020-05-04 18:38:27,924352,924309,2020-05-04 18:38:27.712
2020-05-04 18:38:28,924355,924375,2020-05-04 18:38:28.249
2020-05-04 18:38:28,924390,924402,2020-05-04 18:38:28.764
2020-05-04 18:38:29,924448,924496,2020-05-04 18:38:29.360
2020-05-04 18:38:29,924448,924496,2020-05-04 18:38:29.940
2020-05-04 18:38:30,924448,924496,2020-05-04 18:38:30.675
2020-05-04 18:38:31,924523,924497,2020-05-04 18:38:31.200
2020-05-04 18:38:31,924525,924497,2020-05-04 18:38:31.894
2020-05-04 18:38:32,924538,924534,2020-05-04 18:38:32.417
2020-05-04 18:38:32,924692,924718,2020-05-04 18:38:32.936
2020-05-04 18:38:33,924692,924714,2020-05-04 18:38:33.823
2020-05-04 18:38:34,924692,924714,2020-05-04 18:38:34.420
2020-05-04 18:38:34,924692,924693,2020-05-04 18:38:34.948
2020-05-04 18:38:35,924742,924693,2020-05-04 18:38:35.461
2020-05-04 18:38:35,924775,924781,2020-05-04 18:38:35.971
2020-05-04 18:38:36,924780,924786,2020-05-04 18:38:36.500
2020-05-04 18:38:37,924780,924786,2020-05-04 18:38:37.216
2020-05-04 18:38:37,924805,924807,2020-05-04 18:38:37.753
2020-05-04 18:38:38,924849,924837,2020-05-04 18:38:38.259
2020-05-04 18:38:39,924890,924891,2020-05-04 18:38:39.651
2020-05-04 18:38:40,924849,924907,2020-05-04 18:38:40.234
2020-05-04 18:38:40,924849,924907,2020-05-04 18:38:40.762
2020-05-04 18:38:41,924850,924897,2020-05-04 18:38:41.302
2020-05-04 18:38:41,924850,924907,2020-05-04 18:38:41.826
2020-05-04 18:38:42,924890,924907,2020-05-04 18:38:42.364
2020-05-04 18:38:42,924897,924883,2020-05-04 18:38:42.910
2020-05-04 18:38:43,924897,924883,2020-05-04 18:38:43.497
2020-05-04 18:38:44,924713,924843,2020-05-04 18:38:44.042
2020-05-04 18:38:44,924864,924843,2020-05-04 18:38:44.553
2020-05-04 18:38:45,924865,924944,2020-05-04 18:38:45.113
2020-05-04 18:38:45,924907,924944,2020-05-04 18:38:45.630
2020-05-04 18:38:46,924893,924944,2020-05-04 18:38:46.171
2020-05-04 18:38:46,924747,924863,2020-05-04 18:38:46.686
2020-05-04 18:38:47,924747,924851,2020-05-04 18:38:47.682
2020-05-04 18:38:48,924827,924851,2020-05-04 18:38:48.191
2020-05-04 18:38:48,924827,924820,2020-05-04 18:38:48.735
2020-05-04 18:38:49,924827,924820,2020-05-04 18:38:49.237
2020-05-04 18:38:49,924827,924820,2020-05-04 18:38:49.765
2020-05-04 18:38:50,924827,924820,2020-05-04 18:38:50.309
2020-05-04 18:38:50,924827,924820,2020-05-04 18:38:50.826
2020-05-04 18:38:51,924745,924820,2020-05-04 18:38:51.386
2020-05-04 18:38:51,924731,924820,2020-05-04 18:38:51.904
2020-05-04 18:38:52,924714,924727,2020-05-04 18:38:52.557
2020-05-04 18:38:53,924714,924727,2020-05-04 18:38:53.155
2020-05-04 18:38:53,924739,924831,2020-05-04 18:38:53.741
2020-05-04 18:38:54,924714,924707,2020-05-04 18:38:54.306
2020-05-04 18:38:54,924889,924886,2020-05-04 18:38:54.822
2020-05-04 18:38:55,924889,924886,2020-05-04 18:38:55.345
2020-05-04 18:38:55,924918,924978,2020-05-04 18:38:55.869
2020-05-04 18:38:56,924918,924978,2020-05-04 18:38:56.392
2020-05-04 18:38:56,924913,924913,2020-05-04 18:38:56.919
2020-05-04 18:38:57,924868,924964,2020-05-04 18:38:57.470
2020-05-04 18:38:58,924868,924964,2020-05-04 18:38:57.997
2020-05-04 18:38:58,924868,924964,2020-05-04 18:38:58.521
2020-05-04 18:38:59,924868,924972,2020-05-04 18:38:59.410
2020-05-04 18:38:59,924912,925068,2020-05-04 18:38:59.950
2020-05-04 18:39:00,924912,925067,2020-05-04 18:39:00.820
2020-05-04 18:39:01,924874,925054,2020-05-04 18:39:01.957
2020-05-04 18:39:02,925047,925063,2020-05-04 18:39:02.515
2020-05-04 18:39:03,924868,925063,2020-05-04 18:39:03.032
2020-05-04 18:39:03,924868,925051,2020-05-04 18:39:03.565
2020-05-04 18:39:04,924868,925051,2020-05-04 18:39:04.140
2020-05-04 18:39:05,924868,925051,2020-05-04 18:39:05.287
2020-05-04 18:39:06,925036,925051,2020-05-04 18:39:06.647
2020-05-04 18:39:07,925036,925051,2020-05-04 18:39:07.213
2020-05-04 18:39:07,925036,925051,2020-05-04 18:39:07.866
2020-05-04 18:39:08,925036,925051,2020-05-04 18:39:08.854
2020-05-04 18:39:09,925036,925051,2020-05-04 18:39:09.488
2020-05-04 18:39:10,925000,925051,2020-05-04 18:39:10.020
2020-05-04 18:39:10,925011,925040,2020-05-04 18:39:10.541
2020-05-04 18:39:11,925011,925040,2020-05-04 18:39:11.074
2020-05-04 18:39:11,925011,925040,2020-05-04 18:39:11.601
2020-05-04 18:39:12,925011,925040,2020-05-04 18:39:12.144
2020-05-04 18:39:12,925011,925040,2020-05-04 18:39:12.827
2020-05-04 18:39:13,925011,925040,2020-05-04 18:39:13.372
2020-05-04 18:39:14,925011,925040,2020-05-04 18:39:14.590
2020-05-04 18:39:15,925000,925004,2020-05-04 18:39:15.146
2020-05-04 18:39:15,924846,924995,2020-05-04 18:39:15.690
2020-05-04 18:39:16,924817,924971,2020-05-04 18:39:16.237
2020-05-04 18:39:16,924839,925004,2020-05-04 18:39:16.753
2020-05-04 18:39:17,924967,925004,2020-05-04 18:39:17.286
2020-05-04 18:39:18,924867,925004,2020-05-04 18:39:18.019
2020-05-04 18:39:18,925009,925004,2020-05-04 18:39:18.714
2020-05-04 18:39:20,925009,925036,2020-05-04 18:39:20.050
2020-05-04 18:39:20,925009,925036,2020-05-04 18:39:20.822
2020-05-04 18:39:21,924889,925036,2020-05-04 18:39:21.482
2020-05-04 18:39:22,924889,925039,2020-05-04 18:39:22.197
2020-05-04 18:39:22,924889,925073,2020-05-04 18:39:22.852
2020-05-04 18:39:23,924946,925122,2020-05-04 18:39:23.441
2020-05-04 18:39:23,924946,925110,2020-05-04 18:39:23.982
2020-05-04 18:39:24,924946,925110,2020-05-04 18:39:24.545
2020-05-04 18:39:25,924946,925110,2020-05-04 18:39:25.514
2020-05-04 18:39:26,924946,925110,2020-05-04 18:39:26.345
2020-05-04 18:39:26,924889,925087,2020-05-04 18:39:26.886
2020-05-04 18:39:27,924889,925087,2020-05-04 18:39:27.464
2020-05-04 18:39:28,924889,925086,2020-05-04 18:39:28.693
2020-05-04 18:39:30,924886,925056,2020-05-04 18:39:30.179
2020-05-04 18:39:30,924886,925038,2020-05-04 18:39:30.712
2020-05-04 18:39:32,924909,925038,2020-05-04 18:39:32.036
2020-05-04 18:39:32,924909,924999,2020-05-04 18:39:32.550
2020-05-04 18:39:33,924909,924999,2020-05-04 18:39:33.071
2020-05-04 18:39:33,924909,924999,2020-05-04 18:39:33.956
2020-05-04 18:39:34,924978,924999,2020-05-04 18:39:34.488
2020-05-04 18:39:35,925000,925037,2020-05-04 18:39:35.327
2020-05-04 18:39:35,925001,925037,2020-05-04 18:39:35.860
2020-05-04 18:39:36,925001,925118,2020-05-04 18:39:36.666
2020-05-04 18:39:37,925001,925117,2020-05-04 18:39:37.178
2020-05-04 18:39:37,925001,925116,2020-05-04 18:39:37.756
2020-05-04 18:39:38,925001,925115,2020-05-04 18:39:38.284
2020-05-04 18:39:38,925001,925111,2020-05-04 18:39:38.793
2020-05-04 18:39:39,925001,925138,2020-05-04 18:39:39.328
2020-05-04 18:39:39,925001,925138,2020-05-04 18:39:39.847
2020-05-04 18:39:40,925001,925138,2020-05-04 18:39:40.572
2020-05-04 18:39:41,925001,925138,2020-05-04 18:39:41.122
2020-05-04 18:39:42,925001,925130,2020-05-04 18:39:42.215
2020-05-04 18:39:42,925001,925130,2020-05-04 18:39:42.962
2020-05-04 18:39:43,925001,925126,2020-05-04 18:39:43.763
2020-05-04 18:39:44,925001,925119,2020-05-04 18:39:44.279
2020-05-04 18:39:45,925001,925119,2020-05-04 18:39:45.753
2020-05-04 18:39:46,925001,925131,2020-05-04 18:39:46.479
2020-05-04 18:39:47,925001,925134,2020-05-04 18:39:47.041
2020-05-04 18:39:47,925140,925209,2020-05-04 18:39:47.556
2020-05-04 18:39:48,925140,925209,2020-05-04 18:39:48.342
2020-05-04 18:39:48,925208,925287,2020-05-04 18:39:48.941
2020-05-04 18:39:49,925218,925299,2020-05-04 18:39:49.463
2020-05-04 18:39:50,925222,925300,2020-05-04 18:39:50.160
2020-05-04 18:39:50,925222,925300,2020-05-04 18:39:50.690
2020-05-04 18:39:51,925218,925300,2020-05-04 18:39:51.233
2020-05-04 18:39:51,925218,925299,2020-05-04 18:39:51.765
2020-05-04 18:39:52,925218,925299,2020-05-04 18:39:52.286
2020-05-04 18:39:52,925223,925299,2020-05-04 18:39:52.853
2020-05-04 18:39:53,925223,925299,2020-05-04 18:39:53.418
2020-05-04 18:39:54,925223,925299,2020-05-04 18:39:54.062
2020-05-04 18:39:54,925223,925299,2020-05-04 18:39:54.610
2020-05-04 18:39:55,925223,925299,2020-05-04 18:39:55.150
2020-05-04 18:39:55,925223,925299,2020-05-04 18:39:55.710
2020-05-04 18:39:56,925223,925299,2020-05-04 18:39:56.383
2020-05-04 18:39:56,925223,925299,2020-05-04 18:39:56.988
2020-05-04 18:39:57,925223,925299,2020-05-04 18:39:57.498
2020-05-04 18:39:58,925223,925299,2020-05-04 18:39:58.015
2020-05-04 18:39:58,925223,925299,2020-05-04 18:39:58.574
2020-05-04 18:39:59,925223,925299,2020-05-04 18:39:59.160
2020-05-04 18:39:59,925223,925299,2020-05-04 18:39:59.672
2020-05-04 18:40:00,925223,925299,2020-05-04 18:40:00.869
2020-05-04 18:40:01,925223,925299,2020-05-04 18:40:01.611
2020-05-04 18:40:02,925223,925299,2020-05-04 18:40:02.316
2020-05-04 18:40:02,925223,925299,2020-05-04 18:40:02.847
2020-05-04 18:40:03,925261,925299,2020-05-04 18:40:03.538
2020-05-04 18:40:04,925261,925300,2020-05-04 18:40:04.314
2020-05-04 18:40:04,925261,925301,2020-05-04 18:40:04.854
2020-05-04 18:40:05,925261,925501,2020-05-04 18:40:05.393
2020-05-04 18:40:05,925552,925528,2020-05-04 18:40:05.929
2020-05-04 18:40:06,925552,925581,2020-05-04 18:40:06.458
2020-05-04 18:40:06,925687,925594,2020-05-04 18:40:06.983
2020-05-04 18:40:07,925687,925594,2020-05-04 18:40:07.515
2020-05-04 18:40:08,925374,925594,2020-05-04 18:40:08.064
2020-05-04 18:40:08,925378,925594,2020-05-04 18:40:08.636
2020-05-04 18:40:09,925406,925594,2020-05-04 18:40:09.164
2020-05-04 18:40:09,925248,925594,2020-05-04 18:40:09.712
2020-05-04 18:40:10,924885,925218,2020-05-04 18:40:10.243
2020-05-04 18:40:10,924692,925218,2020-05-04 18:40:10.836
2020-05-04 18:40:11,924692,925218,2020-05-04 18:40:11.383
2020-05-04 18:40:11,924931,925062,2020-05-04 18:40:11.906
2020-05-04 18:40:12,924692,924996,2020-05-04 18:40:12.453
2020-05-04 18:40:13,924692,924694,2020-05-04 18:40:13.058
2020-05-04 18:40:13,924693,924694,2020-05-04 18:40:13.815
2020-05-04 18:40:14,924694,924851,2020-05-04 18:40:14.333
2020-05-04 18:40:15,924692,924851,2020-05-04 18:40:15.834
2020-05-04 18:40:16,924692,924924,2020-05-04 18:40:16.823
2020-05-04 18:40:17,924703,924777,2020-05-04 18:40:17.379
2020-05-04 18:40:17,924929,924885,2020-05-04 18:40:17.906
2020-05-04 18:40:18,924929,924885,2020-05-04 18:40:18.418
2020-05-04 18:40:18,924929,924885,2020-05-04 18:40:18.971
2020-05-04 18:40:19,924692,924885,2020-05-04 18:40:19.497
2020-05-04 18:40:20,924692,924885,2020-05-04 18:40:20.060
2020-05-04 18:40:20,924692,924885,2020-05-04 18:40:20.584
2020-05-04 18:40:21,924706,924860,2020-05-04 18:40:21.380
2020-05-04 18:40:21,924706,924885,2020-05-04 18:40:21.907
2020-05-04 18:40:22,924697,924859,2020-05-04 18:40:22.436
2020-05-04 18:40:23,924692,924856,2020-05-04 18:40:23.296
2020-05-04 18:40:23,924692,924797,2020-05-04 18:40:23.836
2020-05-04 18:40:24,924692,924695,2020-05-04 18:40:24.376
2020-05-04 18:40:24,924692,924695,2020-05-04 18:40:24.886
2020-05-04 18:40:25,924692,924695,2020-05-04 18:40:25.388
2020-05-04 18:40:25,924692,924695,2020-05-04 18:40:25.952
2020-05-04 18:40:26,924692,924695,2020-05-04 18:40:26.479
2020-05-04 18:40:27,924600,924616,2020-05-04 18:40:27.001
2020-05-04 18:40:27,924600,924616,2020-05-04 18:40:27.619
2020-05-04 18:40:28,924317,924630,2020-05-04 18:40:28.166
2020-05-04 18:40:29,924317,924333,2020-05-04 18:40:29.010
2020-05-04 18:40:29,924084,924333,2020-05-04 18:40:29.552
2020-05-04 18:40:30,924084,924331,2020-05-04 18:40:30.091
2020-05-04 18:40:30,924072,924297,2020-05-04 18:40:30.627
2020-05-04 18:40:31,924221,924297,2020-05-04 18:40:31.139
2020-05-04 18:40:31,924034,924026,2020-05-04 18:40:31.827
2020-05-04 18:40:32,923841,924026,2020-05-04 18:40:32.339
2020-05-04 18:40:32,923841,924093,2020-05-04 18:40:32.856
2020-05-04 18:40:33,923869,924015,2020-05-04 18:40:33.386
2020-05-04 18:40:33,923846,924015,2020-05-04 18:40:33.968
2020-05-04 18:40:34,923846,924014,2020-05-04 18:40:34.483
2020-05-04 18:40:35,923841,923836,2020-05-04 18:40:35.005
2020-05-04 18:40:35,923825,923836,2020-05-04 18:40:35.566
2020-05-04 18:40:36,923649,923634,2020-05-04 18:40:36.104
2020-05-04 18:40:36,923649,923644,2020-05-04 18:40:36.683
2020-05-04 18:40:37,923604,923644,2020-05-04 18:40:37.707
2020-05-04 18:40:38,923604,923644,2020-05-04 18:40:38.275
2020-05-04 18:40:39,923604,923644,2020-05-04 18:40:39.077
2020-05-04 18:40:39,923601,923644,2020-05-04 18:40:39.599
2020-05-04 18:40:40,923600,923644,2020-05-04 18:40:40.287
2020-05-04 18:40:40,923606,923644,2020-05-04 18:40:40.806
2020-05-04 18:40:41,923606,923644,2020-05-04 18:40:41.310
2020-05-04 18:40:42,923606,923644,2020-05-04 18:40:42.086
2020-05-04 18:40:43,923653,923809,2020-05-04 18:40:43.099
2020-05-04 18:40:43,923653,923804,2020-05-04 18:40:43.628
2020-05-04 18:40:44,923653,923810,2020-05-04 18:40:44.255
2020-05-04 18:40:45,923809,923910,2020-05-04 18:40:45.211
2020-05-04 18:40:45,923944,923965,2020-05-04 18:40:45.727
2020-05-04 18:40:46,923952,923965,2020-05-04 18:40:46.246
2020-05-04 18:40:46,923953,923984,2020-05-04 18:40:46.766
2020-05-04 18:40:47,924087,924089,2020-05-04 18:40:47.325
2020-05-04 18:40:47,924098,924171,2020-05-04 18:40:47.963
2020-05-04 18:40:49,924304,924171,2020-05-04 18:40:49.321
2020-05-04 18:40:50,924304,924273,2020-05-04 18:40:50.289
2020-05-04 18:40:52,924101,924097,2020-05-04 18:40:52.610
2020-05-04 18:40:53,924103,924097,2020-05-04 18:40:53.136
2020-05-04 18:40:53,924103,924097,2020-05-04 18:40:53.652
2020-05-04 18:40:54,924103,924097,2020-05-04 18:40:54.193
2020-05-04 18:40:54,924103,924097,2020-05-04 18:40:54.837
2020-05-04 18:40:55,924103,924097,2020-05-04 18:40:55.615
2020-05-04 18:40:56,924015,924097,2020-05-04 18:40:56.635
2020-05-04 18:40:57,924015,924097,2020-05-04 18:40:57.213
2020-05-04 18:40:57,924015,924097,2020-05-04 18:40:57.726
2020-05-04 18:40:58,923847,924097,2020-05-04 18:40:58.295
2020-05-04 18:40:59,923849,924001,2020-05-04 18:40:59.215
2020-05-04 18:40:59,923774,924001,2020-05-04 18:40:59.882
2020-05-04 18:41:00,923782,924010,2020-05-04 18:41:00.443
2020-05-04 18:41:01,924001,924010,2020-05-04 18:41:01.084
2020-05-04 18:41:01,923792,923996,2020-05-04 18:41:01.824
2020-05-04 18:41:02,923792,923996,2020-05-04 18:41:02.581
2020-05-04 18:41:03,923792,923996,2020-05-04 18:41:03.241
2020-05-04 18:41:03,923832,923852,2020-05-04 18:41:03.804
2020-05-04 18:41:04,923607,923852,2020-05-04 18:41:04.637
2020-05-04 18:41:05,923607,923852,2020-05-04 18:41:05.178
2020-05-04 18:41:06,923607,923852,2020-05-04 18:41:06.018
2020-05-04 18:41:06,923607,923852,2020-05-04 18:41:06.547
2020-05-04 18:41:07,923607,923852,2020-05-04 18:41:07.069
2020-05-04 18:41:07,923607,923852,2020-05-04 18:41:07.606
2020-05-04 18:41:08,923620,923852,2020-05-04 18:41:08.291
2020-05-04 18:41:08,923943,923984,2020-05-04 18:41:08.825
2020-05-04 18:41:09,923943,923984,2020-05-04 18:41:09.496
2020-05-04 18:41:10,923943,923984,2020-05-04 18:41:10.015
2020-05-04 18:41:10,923943,923984,2020-05-04 18:41:10.528
2020-05-04 18:41:11,923943,923984,2020-05-04 18:41:11.048
2020-05-04 18:41:11,923943,923984,2020-05-04 18:41:11.593
2020-05-04 18:41:12,923943,923984,2020-05-04 18:41:12.403
2020-05-04 18:41:12,923943,923984,2020-05-04 18:41:12.956
2020-05-04 18:41:13,923943,923984,2020-05-04 18:41:13.483
2020-05-04 18:41:14,923943,923984,2020-05-04 18:41:14.005
2020-05-04 18:41:14,923943,923984,2020-05-04 18:41:14.563
2020-05-04 18:41:15,923943,923786,2020-05-04 18:41:15.079
2020-05-04 18:41:15,923943,923786,2020-05-04 18:41:15.625
2020-05-04 18:41:16,923943,923771,2020-05-04 18:41:16.153
2020-05-04 18:41:16,923943,923786,2020-05-04 18:41:16.741
2020-05-04 18:41:17,923951,923983,2020-05-04 18:41:17.770
2020-05-04 18:41:18,923951,923983,2020-05-04 18:41:18.433
2020-05-04 18:41:18,923989,924008,2020-05-04 18:41:18.950
2020-05-04 18:41:19,923989,923895,2020-05-04 18:41:19.488
2020-05-04 18:41:20,923989,924008,2020-05-04 18:41:20.028
2020-05-04 18:41:20,923989,924003,2020-05-04 18:41:20.812
2020-05-04 18:41:21,923989,923993,2020-05-04 18:41:21.320
2020-05-04 18:41:21,923989,923993,2020-05-04 18:41:21.898
2020-05-04 18:41:22,923989,923993,2020-05-04 18:41:22.733
2020-05-04 18:41:23,923989,923960,2020-05-04 18:41:23.270
2020-05-04 18:41:24,923989,923960,2020-05-04 18:41:24.518
2020-05-04 18:41:25,924108,924284,2020-05-04 18:41:25.048
2020-05-04 18:41:25,924356,924366,2020-05-04 18:41:25.581
2020-05-04 18:41:26,924397,924465,2020-05-04 18:41:26.109
2020-05-04 18:41:26,924495,924495,2020-05-04 18:41:26.633
2020-05-04 18:41:27,924495,924487,2020-05-04 18:41:27.307
2020-05-04 18:41:27,924508,924487,2020-05-04 18:41:27.835
2020-05-04 18:41:30,924512,924513,2020-05-04 18:41:30.829
2020-05-04 18:41:31,924520,924513,2020-05-04 18:41:31.402
2020-05-04 18:41:31,924520,924513,2020-05-04 18:41:31.913
2020-05-04 18:41:33,924520,924513,2020-05-04 18:41:33.399
2020-05-04 18:41:33,924492,924513,2020-05-04 18:41:33.962
2020-05-04 18:41:34,924492,924488,2020-05-04 18:41:34.589
2020-05-04 18:41:35,924474,924568,2020-05-04 18:41:35.338
2020-05-04 18:41:35,924474,924562,2020-05-04 18:41:35.860
2020-05-04 18:41:36,924503,924484,2020-05-04 18:41:36.402
2020-05-04 18:41:37,924503,924484,2020-05-04 18:41:37.254
2020-05-04 18:41:37,924503,924563,2020-05-04 18:41:37.785
2020-05-04 18:41:38,924420,924417,2020-05-04 18:41:38.296
2020-05-04 18:41:38,924420,924417,2020-05-04 18:41:38.835
2020-05-04 18:41:39,924363,924563,2020-05-04 18:41:39.507
2020-05-04 18:41:40,924478,924627,2020-05-04 18:41:40.212
2020-05-04 18:41:40,924478,924748,2020-05-04 18:41:40.763
2020-05-04 18:41:41,924478,924793,2020-05-04 18:41:41.281
2020-05-04 18:41:42,924624,924917,2020-05-04 18:41:42.226
2020-05-04 18:41:42,924658,924921,2020-05-04 18:41:42.738
2020-05-04 18:41:43,924723,924957,2020-05-04 18:41:43.949
2020-05-04 18:41:44,924723,924967,2020-05-04 18:41:44.493
2020-05-04 18:41:44,924723,924967,2020-05-04 18:41:44.994
2020-05-04 18:41:46,924723,924967,2020-05-04 18:41:46.126
2020-05-04 18:41:46,924547,924967,2020-05-04 18:41:46.646
2020-05-04 18:41:47,924492,924714,2020-05-04 18:41:47.164
2020-05-04 18:41:47,924554,924714,2020-05-04 18:41:47.692
2020-05-04 18:41:48,924554,924726,2020-05-04 18:41:48.214
2020-05-04 18:41:49,924554,924726,2020-05-04 18:41:49.407
2020-05-04 18:41:49,924554,924726,2020-05-04 18:41:49.937
2020-05-04 18:41:50,924554,924726,2020-05-04 18:41:50.777
2020-05-04 18:41:51,924841,924841,2020-05-04 18:41:51.283
2020-05-04 18:41:51,924896,924892,2020-05-04 18:41:51.828
2020-05-04 18:41:52,924896,924892,2020-05-04 18:41:52.826
2020-05-04 18:41:53,924896,924892,2020-05-04 18:41:53.398
2020-05-04 18:41:53,924896,924892,2020-05-04 18:41:53.914
2020-05-04 18:41:54,924896,924892,2020-05-04 18:41:54.424
2020-05-04 18:41:54,924896,925027,2020-05-04 18:41:54.973
2020-05-04 18:41:55,924896,925027,2020-05-04 18:41:55.488
2020-05-04 18:41:56,924896,925120,2020-05-04 18:41:56.005
2020-05-04 18:41:56,924896,925120,2020-05-04 18:41:56.622
2020-05-04 18:41:57,924896,925120,2020-05-04 18:41:57.813
2020-05-04 18:41:58,924899,925120,2020-05-04 18:41:58.529
2020-05-04 18:41:59,925007,925120,2020-05-04 18:41:59.037
2020-05-04 18:41:59,925007,925120,2020-05-04 18:41:59.587
2020-05-04 18:42:00,925007,925120,2020-05-04 18:42:00.097
2020-05-04 18:42:00,925026,925347,2020-05-04 18:42:00.604
2020-05-04 18:42:01,925076,925364,2020-05-04 18:42:01.123
2020-05-04 18:42:01,925087,925209,2020-05-04 18:42:01.651
2020-05-04 18:42:02,925127,925209,2020-05-04 18:42:02.218
2020-05-04 18:42:02,925552,925667,2020-05-04 18:42:02.737
2020-05-04 18:42:03,925606,925731,2020-05-04 18:42:03.277
2020-05-04 18:42:03,925606,925731,2020-05-04 18:42:03.842
2020-05-04 18:42:04,925556,925601,2020-05-04 18:42:04.354
2020-05-04 18:42:04,925556,925601,2020-05-04 18:42:04.928
2020-05-04 18:42:05,925556,925606,2020-05-04 18:42:05.506
2020-05-04 18:42:06,925556,925606,2020-05-04 18:42:06.160
2020-05-04 18:42:07,925552,925549,2020-05-04 18:42:07.209
2020-05-04 18:42:07,925320,925549,2020-05-04 18:42:07.724
2020-05-04 18:42:08,925291,925549,2020-05-04 18:42:08.249
2020-05-04 18:42:08,925294,925549,2020-05-04 18:42:08.784
2020-05-04 18:42:09,925294,925549,2020-05-04 18:42:09.661
2020-05-04 18:42:10,925294,925549,2020-05-04 18:42:10.228
2020-05-04 18:42:10,925563,925549,2020-05-04 18:42:10.772
2020-05-04 18:42:11,925294,925434,2020-05-04 18:42:11.293
2020-05-04 18:42:11,925294,925434,2020-05-04 18:42:11.854
2020-05-04 18:42:12,925285,925434,2020-05-04 18:42:12.362
2020-05-04 18:42:12,925285,925434,2020-05-04 18:42:12.873
2020-05-04 18:42:13,925285,925434,2020-05-04 18:42:13.408
2020-05-04 18:42:14,925285,925434,2020-05-04 18:42:14.052
2020-05-04 18:42:14,925285,925434,2020-05-04 18:42:14.686
2020-05-04 18:42:15,925298,925554,2020-05-04 18:42:15.207
2020-05-04 18:42:15,925298,925554,2020-05-04 18:42:15.720
2020-05-04 18:42:16,925298,925554,2020-05-04 18:42:16.258
2020-05-04 18:42:16,925298,925554,2020-05-04 18:42:16.825
2020-05-04 18:42:17,925298,925771,2020-05-04 18:42:17.397
2020-05-04 18:42:17,925303,925772,2020-05-04 18:42:17.910
2020-05-04 18:42:18,925323,925772,2020-05-04 18:42:18.534
2020-05-04 18:42:19,925323,925772,2020-05-04 18:42:19.094
2020-05-04 18:42:19,925323,925772,2020-05-04 18:42:19.650
2020-05-04 18:42:20,925347,925581,2020-05-04 18:42:20.267
2020-05-04 18:42:20,925559,925581,2020-05-04 18:42:20.898
2020-05-04 18:42:21,925559,925581,2020-05-04 18:42:21.613
2020-05-04 18:42:22,925559,925581,2020-05-04 18:42:22.251
2020-05-04 18:42:22,925559,925581,2020-05-04 18:42:22.777
2020-05-04 18:42:23,925559,925581,2020-05-04 18:42:23.498
2020-05-04 18:42:24,925559,925581,2020-05-04 18:42:24.034
2020-05-04 18:42:24,925564,925581,2020-05-04 18:42:24.555
2020-05-04 18:42:25,925564,925581,2020-05-04 18:42:25.310
2020-05-04 18:42:25,925564,925581,2020-05-04 18:42:25.828
2020-05-04 18:42:26,925564,925824,2020-05-04 18:42:26.367
2020-05-04 18:42:26,925654,925902,2020-05-04 18:42:26.901
2020-05-04 18:42:28,925654,925902,2020-05-04 18:42:28.158
2020-05-04 18:42:28,925654,925902,2020-05-04 18:42:28.681
2020-05-04 18:42:29,925654,925902,2020-05-04 18:42:29.248
2020-05-04 18:42:30,925654,925902,2020-05-04 18:42:30.554
2020-05-04 18:42:31,925654,925902,2020-05-04 18:42:31.827
2020-05-04 18:42:34,925654,925753,2020-05-04 18:42:34.397
2020-05-04 18:42:34,925654,925753,2020-05-04 18:42:34.910
2020-05-04 18:42:35,925654,925753,2020-05-04 18:42:35.502
2020-05-04 18:42:36,925654,925753,2020-05-04 18:42:36.142
2020-05-04 18:42:36,925654,925753,2020-05-04 18:42:36.657
2020-05-04 18:42:37,925753,925781,2020-05-04 18:42:37.206
2020-05-04 18:42:37,925804,925902,2020-05-04 18:42:37.729
2020-05-04 18:42:38,925811,925902,2020-05-04 18:42:38.236
2020-05-04 18:42:38,925811,925902,2020-05-04 18:42:38.830
2020-05-04 18:42:39,925811,925902,2020-05-04 18:42:39.347
2020-05-04 18:42:39,925811,925902,2020-05-04 18:42:39.915
2020-05-04 18:42:41,925811,925991,2020-05-04 18:42:41.495
2020-05-04 18:42:42,925811,925991,2020-05-04 18:42:42.008
2020-05-04 18:42:42,925811,926133,2020-05-04 18:42:42.557
2020-05-04 18:42:43,925843,926132,2020-05-04 18:42:43.157
2020-05-04 18:42:44,925843,926127,2020-05-04 18:42:44.033
2020-05-04 18:42:44,925709,926107,2020-05-04 18:42:44.762
2020-05-04 18:42:46,925709,925834,2020-05-04 18:42:45.550
2020-05-04 18:42:47,925445,925619,2020-05-04 18:42:47.214
2020-05-04 18:42:47,925395,925592,2020-05-04 18:42:47.801
2020-05-04 18:42:48,925395,925565,2020-05-04 18:42:48.365
2020-05-04 18:42:48,925395,925565,2020-05-04 18:42:48.881
2020-05-04 18:42:49,925391,925565,2020-05-04 18:42:49.401
2020-05-04 18:42:49,925392,925565,2020-05-04 18:42:49.931
2020-05-04 18:42:50,925392,925391,2020-05-04 18:42:50.488
2020-05-04 18:42:51,925321,925545,2020-05-04 18:42:51.030
2020-05-04 18:42:52,925253,925545,2020-05-04 18:42:52.384
2020-05-04 18:42:52,925158,925565,2020-05-04 18:42:52.910
2020-05-04 18:42:53,925284,925565,2020-05-04 18:42:53.435
2020-05-04 18:42:53,925284,925535,2020-05-04 18:42:53.946
2020-05-04 18:42:54,925284,925535,2020-05-04 18:42:54.466
2020-05-04 18:42:55,925284,925535,2020-05-04 18:42:55.000
2020-05-04 18:42:55,925284,925535,2020-05-04 18:42:55.504
2020-05-04 18:42:56,925570,925629,2020-05-04 18:42:56.028
2020-05-04 18:42:56,925716,925716,2020-05-04 18:42:56.824
2020-05-04 18:42:57,925716,925716,2020-05-04 18:42:57.331
2020-05-04 18:42:57,925734,925735,2020-05-04 18:42:57.836
2020-05-04 18:42:58,925737,925864,2020-05-04 18:42:58.428
2020-05-04 18:42:58,925737,925934,2020-05-04 18:42:58.960
2020-05-04 18:42:59,925747,925931,2020-05-04 18:42:59.495
2020-05-04 18:43:00,925471,925931,2020-05-04 18:43:00.105
2020-05-04 18:43:00,925647,925868,2020-05-04 18:43:00.636
2020-05-04 18:43:01,925650,925868,2020-05-04 18:43:01.713
2020-05-04 18:43:02,925650,925868,2020-05-04 18:43:02.220
2020-05-04 18:43:02,925650,925863,2020-05-04 18:43:02.768
2020-05-04 18:43:03,925462,925796,2020-05-04 18:43:03.306
2020-05-04 18:43:04,925539,925796,2020-05-04 18:43:04.539
2020-05-04 18:43:05,925576,925784,2020-05-04 18:43:05.072
2020-05-04 18:43:05,925576,925784,2020-05-04 18:43:05.901
2020-05-04 18:43:06,925576,925784,2020-05-04 18:43:06.446
2020-05-04 18:43:06,925576,925784,2020-05-04 18:43:06.958
2020-05-04 18:43:08,925576,925784,2020-05-04 18:43:07.865
2020-05-04 18:43:09,925576,925749,2020-05-04 18:43:09.045
2020-05-04 18:43:09,925576,925749,2020-05-04 18:43:09.585
2020-05-04 18:43:10,925576,925749,2020-05-04 18:43:10.095
2020-05-04 18:43:11,925576,925749,2020-05-04 18:43:10.998
2020-05-04 18:43:11,925576,925749,2020-05-04 18:43:11.517
2020-05-04 18:43:12,925576,925749,2020-05-04 18:43:12.760
2020-05-04 18:43:13,925576,925749,2020-05-04 18:43:13.305
2020-05-04 18:43:13,925576,925749,2020-05-04 18:43:13.865
2020-05-04 18:43:14,925576,925749,2020-05-04 18:43:14.754
2020-05-04 18:43:15,925576,925749,2020-05-04 18:43:15.283
2020-05-04 18:43:15,925576,925749,2020-05-04 18:43:15.843
2020-05-04 18:43:16,925576,925749,2020-05-04 18:43:16.556
2020-05-04 18:43:17,925576,925749,2020-05-04 18:43:17.271
2020-05-04 18:43:17,925576,925749,2020-05-04 18:43:17.820
2020-05-04 18:43:18,925576,925749,2020-05-04 18:43:18.394
2020-05-04 18:43:20,925576,925475,2020-05-04 18:43:18.925
2020-05-04 18:43:20,925576,925475,2020-05-04 18:43:20.770
2020-05-04 18:43:21,925576,925475,2020-05-04 18:43:21.329
2020-05-04 18:43:21,925576,925466,2020-05-04 18:43:21.840
2020-05-04 18:43:22,925576,925466,2020-05-04 18:43:22.378
2020-05-04 18:43:23,925576,925466,2020-05-04 18:43:22.898
2020-05-04 18:43:23,925576,925466,2020-05-04 18:43:23.539
2020-05-04 18:43:24,925576,925466,2020-05-04 18:43:24.119
2020-05-04 18:43:24,925576,925466,2020-05-04 18:43:24.782
2020-05-04 18:43:25,925576,925466,2020-05-04 18:43:25.548
2020-05-04 18:43:26,925576,925466,2020-05-04 18:43:26.113
2020-05-04 18:43:26,925576,925454,2020-05-04 18:43:26.635
2020-05-04 18:43:27,925576,925454,2020-05-04 18:43:27.267
2020-05-04 18:43:27,925576,925454,2020-05-04 18:43:27.785
2020-05-04 18:43:28,925576,925454,2020-05-04 18:43:28.309
2020-05-04 18:43:28,925576,925454,2020-05-04 18:43:28.825
2020-05-04 18:43:29,925576,925447,2020-05-04 18:43:29.348
2020-05-04 18:43:29,925576,925447,2020-05-04 18:43:29.886
2020-05-04 18:43:30,925576,925447,2020-05-04 18:43:30.405
2020-05-04 18:43:30,925576,925318,2020-05-04 18:43:30.964
2020-05-04 18:43:31,925145,925313,2020-05-04 18:43:31.745
2020-05-04 18:43:32,925160,925313,2020-05-04 18:43:32.369
2020-05-04 18:43:32,925160,925313,2020-05-04 18:43:32.897
2020-05-04 18:43:33,925160,925301,2020-05-04 18:43:33.566
2020-05-04 18:43:34,925160,925300,2020-05-04 18:43:34.079
2020-05-04 18:43:34,925160,925300,2020-05-04 18:43:34.629
2020-05-04 18:43:35,925130,925282,2020-05-04 18:43:35.171
2020-05-04 18:43:35,925130,925220,2020-05-04 18:43:35.693
2020-05-04 18:43:36,925129,925125,2020-05-04 18:43:36.219
2020-05-04 18:43:36,925070,925124,2020-05-04 18:43:36.788
2020-05-04 18:43:37,925067,925213,2020-05-04 18:43:37.388
2020-05-04 18:43:38,925038,925213,2020-05-04 18:43:38.011
2020-05-04 18:43:38,925014,925213,2020-05-04 18:43:38.518
2020-05-04 18:43:39,924790,925152,2020-05-04 18:43:39.074
2020-05-04 18:43:39,924795,925152,2020-05-04 18:43:39.664
2020-05-04 18:43:40,924795,925152,2020-05-04 18:43:40.215
2020-05-04 18:43:40,924795,925152,2020-05-04 18:43:40.735
2020-05-04 18:43:41,924795,925152,2020-05-04 18:43:41.525
2020-05-04 18:43:42,924795,925118,2020-05-04 18:43:42.117
2020-05-04 18:43:42,924795,925118,2020-05-04 18:43:42.803
2020-05-04 18:43:43,924795,925108,2020-05-04 18:43:43.310
2020-05-04 18:43:43,924795,925070,2020-05-04 18:43:43.851
2020-05-04 18:43:44,924795,925070,2020-05-04 18:43:44.460
2020-05-04 18:43:45,924795,925060,2020-05-04 18:43:45.218
2020-05-04 18:43:45,924795,925027,2020-05-04 18:43:45.760
2020-05-04 18:43:46,924795,925027,2020-05-04 18:43:46.510
2020-05-04 18:43:47,924795,924991,2020-05-04 18:43:47.526
2020-05-04 18:43:48,924795,924965,2020-05-04 18:43:48.083
2020-05-04 18:43:48,924795,924965,2020-05-04 18:43:48.607
2020-05-04 18:43:49,924795,924965,2020-05-04 18:43:49.933
2020-05-04 18:43:50,924795,924965,2020-05-04 18:43:50.607
2020-05-04 18:43:51,924795,924992,2020-05-04 18:43:51.149
2020-05-04 18:43:51,924795,924992,2020-05-04 18:43:51.665
2020-05-04 18:43:52,924795,924938,2020-05-04 18:43:52.761
2020-05-04 18:43:53,924795,924928,2020-05-04 18:43:53.287
2020-05-04 18:43:53,924773,924928,2020-05-04 18:43:53.953
2020-05-04 18:43:54,924773,924928,2020-05-04 18:43:54.487
2020-05-04 18:43:55,924773,924928,2020-05-04 18:43:55.027
2020-05-04 18:43:55,924773,924928,2020-05-04 18:43:55.541
2020-05-04 18:43:56,924481,924928,2020-05-04 18:43:56.056
2020-05-04 18:43:56,924403,924928,2020-05-04 18:43:56.583
2020-05-04 18:43:57,924629,924899,2020-05-04 18:43:57.145
2020-05-04 18:43:57,924629,924899,2020-05-04 18:43:57.762
2020-05-04 18:43:58,924629,924899,2020-05-04 18:43:58.316
2020-05-04 18:43:58,924629,924899,2020-05-04 18:43:58.927
2020-05-04 18:43:59,924629,924899,2020-05-04 18:43:59.549
2020-05-04 18:44:00,924629,924899,2020-05-04 18:44:00.286
2020-05-04 18:44:00,924629,924899,2020-05-04 18:44:00.833
2020-05-04 18:44:01,924629,924899,2020-05-04 18:44:01.407
2020-05-04 18:44:02,924635,924869,2020-05-04 18:44:02.086
2020-05-04 18:44:02,924635,924844,2020-05-04 18:44:02.756
2020-05-04 18:44:03,924635,924844,2020-05-04 18:44:03.635
2020-05-04 18:44:04,924635,924844,2020-05-04 18:44:04.177
2020-05-04 18:44:04,924635,924844,2020-05-04 18:44:04.823
2020-05-04 18:44:05,924635,924844,2020-05-04 18:44:05.333
2020-05-04 18:44:05,924635,924844,2020-05-04 18:44:05.979
2020-05-04 18:44:06,924635,924844,2020-05-04 18:44:06.505
2020-05-04 18:44:07,924635,924835,2020-05-04 18:44:07.821
2020-05-04 18:44:08,924635,924835,2020-05-04 18:44:08.844
2020-05-04 18:44:09,924635,924839,2020-05-04 18:44:09.660
2020-05-04 18:44:10,924635,924839,2020-05-04 18:44:10.170
2020-05-04 18:44:10,924844,924933,2020-05-04 18:44:10.724
2020-05-04 18:44:11,924844,924932,2020-05-04 18:44:11.236
2020-05-04 18:44:11,924844,924932,2020-05-04 18:44:11.747
2020-05-04 18:44:12,924844,924932,2020-05-04 18:44:12.293
2020-05-04 18:44:12,924844,924932,2020-05-04 18:44:12.856
2020-05-04 18:44:13,924844,924932,2020-05-04 18:44:13.474
2020-05-04 18:44:14,924844,924972,2020-05-04 18:44:14.017
2020-05-04 18:44:14,924844,924970,2020-05-04 18:44:14.522
2020-05-04 18:44:15,924844,924969,2020-05-04 18:44:15.037
2020-05-04 18:44:15,924844,924969,2020-05-04 18:44:15.657
2020-05-04 18:44:16,924844,924969,2020-05-04 18:44:16.400
2020-05-04 18:44:16,924844,924966,2020-05-04 18:44:16.924
2020-05-04 18:44:17,924844,924966,2020-05-04 18:44:17.451
2020-05-04 18:44:17,924844,924903,2020-05-04 18:44:17.969
2020-05-04 18:44:18,924844,924851,2020-05-04 18:44:18.507
2020-05-04 18:44:19,924844,924851,2020-05-04 18:44:19.214
2020-05-04 18:44:19,924844,924851,2020-05-04 18:44:19.768
2020-05-04 18:44:20,924844,924851,2020-05-04 18:44:20.852
2020-05-04 18:44:21,924844,924851,2020-05-04 18:44:21.401
2020-05-04 18:44:21,924844,924851,2020-05-04 18:44:21.928
2020-05-04 18:44:22,924844,924851,2020-05-04 18:44:22.814
2020-05-04 18:44:23,924844,924851,2020-05-04 18:44:23.335
2020-05-04 18:44:23,924844,924902,2020-05-04 18:44:23.893
2020-05-04 18:44:24,924844,924902,2020-05-04 18:44:24.405
2020-05-04 18:44:24,924844,924902,2020-05-04 18:44:24.930
2020-05-04 18:44:25,924844,924902,2020-05-04 18:44:25.625
2020-05-04 18:44:26,924844,924902,2020-05-04 18:44:26.154
2020-05-04 18:44:27,924844,924892,2020-05-04 18:44:27.336
2020-05-04 18:44:27,924844,924892,2020-05-04 18:44:27.879
2020-05-04 18:44:28,924844,924892,2020-05-04 18:44:28.483
2020-05-04 18:44:29,924844,924892,2020-05-04 18:44:29.057
2020-05-04 18:44:30,924844,924892,2020-05-04 18:44:30.221
2020-05-04 18:44:30,924844,924892,2020-05-04 18:44:30.895
2020-05-04 18:44:31,924844,924892,2020-05-04 18:44:31.431
2020-05-04 18:44:32,924844,924892,2020-05-04 18:44:32.009
2020-05-04 18:44:32,924844,924892,2020-05-04 18:44:32.518
2020-05-04 18:44:33,924844,924892,2020-05-04 18:44:33.030
2020-05-04 18:44:33,924844,924892,2020-05-04 18:44:33.670
2020-05-04 18:44:34,924844,924892,2020-05-04 18:44:34.357
2020-05-04 18:44:35,924844,924892,2020-05-04 18:44:35.239
2020-05-04 18:44:36,924844,924892,2020-05-04 18:44:36.222
2020-05-04 18:44:36,924844,924892,2020-05-04 18:44:36.803
2020-05-04 18:44:37,924844,924892,2020-05-04 18:44:37.356
2020-05-04 18:44:37,924844,924970,2020-05-04 18:44:37.930
2020-05-04 18:44:38,925000,924973,2020-05-04 18:44:38.457
2020-05-04 18:44:38,925041,925172,2020-05-04 18:44:38.981
2020-05-04 18:44:39,925105,925172,2020-05-04 18:44:39.504
2020-05-04 18:44:40,925172,925173,2020-05-04 18:44:40.022
2020-05-04 18:44:40,925300,925480,2020-05-04 18:44:40.542
2020-05-04 18:44:41,925520,925380,2020-05-04 18:44:41.118
2020-05-04 18:44:41,925520,925520,2020-05-04 18:44:41.822
2020-05-04 18:44:42,925559,925585,2020-05-04 18:44:42.349
2020-05-04 18:44:42,925658,925585,2020-05-04 18:44:42.888
2020-05-04 18:44:43,925695,925690,2020-05-04 18:44:43.527
2020-05-04 18:44:44,925695,925690,2020-05-04 18:44:44.603
2020-05-04 18:44:45,925695,925695,2020-05-04 18:44:45.137
2020-05-04 18:44:45,925695,925695,2020-05-04 18:44:45.717
2020-05-04 18:44:46,925695,925695,2020-05-04 18:44:46.243
2020-05-04 18:44:46,925588,925695,2020-05-04 18:44:46.801
2020-05-04 18:44:47,925588,925695,2020-05-04 18:44:47.321
2020-05-04 18:44:48,925588,925695,2020-05-04 18:44:48.764
2020-05-04 18:44:50,925518,925695,2020-05-04 18:44:50.509
2020-05-04 18:44:51,925522,925695,2020-05-04 18:44:51.017
2020-05-04 18:44:52,925522,925695,2020-05-04 18:44:52.765
2020-05-04 18:44:53,925522,925695,2020-05-04 18:44:53.363
2020-05-04 18:44:53,925522,925695,2020-05-04 18:44:53.918
2020-05-04 18:44:54,925522,925695,2020-05-04 18:44:54.422
2020-05-04 18:44:55,925522,925695,2020-05-04 18:44:55.015
2020-05-04 18:44:55,925545,925695,2020-05-04 18:44:55.570
2020-05-04 18:44:56,925545,925540,2020-05-04 18:44:56.299
2020-05-04 18:44:56,925545,925540,2020-05-04 18:44:56.813
2020-05-04 18:44:57,925545,925540,2020-05-04 18:44:57.719
2020-05-04 18:44:58,925545,925540,2020-05-04 18:44:58.234
2020-05-04 18:44:59,925784,925881,2020-05-04 18:44:59.109
2020-05-04 18:44:59,925837,926045,2020-05-04 18:44:59.616
2020-05-04 18:45:00,925858,926055,2020-05-04 18:45:00.124
2020-05-04 18:45:00,925858,926055,2020-05-04 18:45:00.685
2020-05-04 18:45:01,925842,926055,2020-05-04 18:45:01.237
2020-05-04 18:45:01,925842,926270,2020-05-04 18:45:01.739
2020-05-04 18:45:02,926136,926188,2020-05-04 18:45:02.268
2020-05-04 18:45:02,926136,926362,2020-05-04 18:45:02.826
2020-05-04 18:45:03,926136,926362,2020-05-04 18:45:03.335
2020-05-04 18:45:03,926136,926362,2020-05-04 18:45:03.859
2020-05-04 18:45:04,926490,926522,2020-05-04 18:45:04.370
2020-05-04 18:45:04,926553,926518,2020-05-04 18:45:04.888
2020-05-04 18:45:05,926582,926744,2020-05-04 18:45:05.505
2020-05-04 18:45:06,926582,926746,2020-05-04 18:45:06.042
2020-05-04 18:45:06,926609,926609,2020-05-04 18:45:06.553
2020-05-04 18:45:07,926609,926609,2020-05-04 18:45:07.062
2020-05-04 18:45:07,926403,926609,2020-05-04 18:45:07.579
2020-05-04 18:45:08,926428,926609,2020-05-04 18:45:08.134
2020-05-04 18:45:08,926334,926609,2020-05-04 18:45:08.642
2020-05-04 18:45:09,926334,926505,2020-05-04 18:45:09.290
2020-05-04 18:45:09,926334,926505,2020-05-04 18:45:09.808
2020-05-04 18:45:10,926334,926505,2020-05-04 18:45:10.345
2020-05-04 18:45:11,926230,926505,2020-05-04 18:45:11.693
2020-05-04 18:45:12,926230,926505,2020-05-04 18:45:12.196
2020-05-04 18:45:12,926230,926522,2020-05-04 18:45:12.717
2020-05-04 18:45:13,926223,926220,2020-05-04 18:45:13.253
2020-05-04 18:45:13,926324,926220,2020-05-04 18:45:13.796
2020-05-04 18:45:14,926324,926220,2020-05-04 18:45:14.357
2020-05-04 18:45:14,926324,926220,2020-05-04 18:45:14.890
2020-05-04 18:45:15,926324,926220,2020-05-04 18:45:15.403
2020-05-04 18:45:17,926324,926220,2020-05-04 18:45:17.105
2020-05-04 18:45:17,926324,926220,2020-05-04 18:45:17.681
2020-05-04 18:45:18,926128,926220,2020-05-04 18:45:18.345
2020-05-04 18:45:18,926133,926374,2020-05-04 18:45:18.939
2020-05-04 18:45:19,926162,926533,2020-05-04 18:45:19.687
2020-05-04 18:45:20,926177,926505,2020-05-04 18:45:20.782
2020-05-04 18:45:21,926177,926505,2020-05-04 18:45:21.295
2020-05-04 18:45:21,926336,926505,2020-05-04 18:45:21.826
2020-05-04 18:45:22,926336,926505,2020-05-04 18:45:22.368
2020-05-04 18:45:22,926336,926500,2020-05-04 18:45:22.903
2020-05-04 18:45:23,926133,926476,2020-05-04 18:45:23.613
2020-05-04 18:45:24,926133,926331,2020-05-04 18:45:24.218
2020-05-04 18:45:24,926133,926331,2020-05-04 18:45:24.721
2020-05-04 18:45:25,926133,926331,2020-05-04 18:45:25.233
2020-05-04 18:45:25,926133,926331,2020-05-04 18:45:25.793
2020-05-04 18:45:26,926165,926331,2020-05-04 18:45:26.536
2020-05-04 18:45:27,926193,926331,2020-05-04 18:45:27.059
2020-05-04 18:45:27,926193,926331,2020-05-04 18:45:27.756
2020-05-04 18:45:28,926440,926476,2020-05-04 18:45:28.279
2020-05-04 18:45:28,926445,926476,2020-05-04 18:45:28.831
2020-05-04 18:45:29,926473,926476,2020-05-04 18:45:29.377
2020-05-04 18:45:30,926473,926476,2020-05-04 18:45:29.896
2020-05-04 18:45:31,926485,926476,2020-05-04 18:45:31.030
2020-05-04 18:45:31,926473,926476,2020-05-04 18:45:31.823
2020-05-04 18:45:32,926473,926476,2020-05-04 18:45:32.363
2020-05-04 18:45:32,926473,926476,2020-05-04 18:45:32.915
2020-05-04 18:45:33,926473,926476,2020-05-04 18:45:33.446
2020-05-04 18:45:33,926473,926476,2020-05-04 18:45:33.960
2020-05-04 18:45:34,926473,926476,2020-05-04 18:45:34.552
2020-05-04 18:45:35,926473,926476,2020-05-04 18:45:35.218
2020-05-04 18:45:35,926473,926476,2020-05-04 18:45:35.830
2020-05-04 18:45:36,926473,926476,2020-05-04 18:45:36.365
2020-05-04 18:45:36,926473,926476,2020-05-04 18:45:36.908
2020-05-04 18:45:37,926473,926476,2020-05-04 18:45:37.423
2020-05-04 18:45:37,926473,926476,2020-05-04 18:45:37.947
2020-05-04 18:45:38,926473,926925,2020-05-04 18:45:38.483
2020-05-04 18:45:38,926522,926755,2020-05-04 18:45:38.995
2020-05-04 18:45:39,926522,926755,2020-05-04 18:45:39.864
2020-05-04 18:45:41,926522,926755,2020-05-04 18:45:40.870
2020-05-04 18:45:41,926522,926755,2020-05-04 18:45:41.742
2020-05-04 18:45:42,926522,926770,2020-05-04 18:45:42.338
2020-05-04 18:45:42,926522,926733,2020-05-04 18:45:42.876
2020-05-04 18:45:43,926522,927098,2020-05-04 18:45:43.420
2020-05-04 18:45:43,926570,926790,2020-05-04 18:45:43.941
2020-05-04 18:45:44,926570,926790,2020-05-04 18:45:44.452
2020-05-04 18:45:45,926570,926702,2020-05-04 18:45:45.197
2020-05-04 18:45:45,926707,926702,2020-05-04 18:45:45.703
2020-05-04 18:45:46,926688,926702,2020-05-04 18:45:46.230
2020-05-04 18:45:46,926778,926790,2020-05-04 18:45:46.838
2020-05-04 18:45:47,926778,926790,2020-05-04 18:45:47.826
2020-05-04 18:45:48,926790,927010,2020-05-04 18:45:48.336
2020-05-04 18:45:49,926912,927010,2020-05-04 18:45:49.212
2020-05-04 18:45:49,926598,926906,2020-05-04 18:45:49.730
2020-05-04 18:45:50,926615,926906,2020-05-04 18:45:50.254
2020-05-04 18:45:50,926627,926905,2020-05-04 18:45:50.909
2020-05-04 18:45:51,926688,926905,2020-05-04 18:45:51.492
2020-05-04 18:45:52,926720,926905,2020-05-04 18:45:52.014
2020-05-04 18:45:52,926747,926905,2020-05-04 18:45:52.525
2020-05-04 18:45:53,926747,926905,2020-05-04 18:45:53.316
2020-05-04 18:45:53,926747,926850,2020-05-04 18:45:53.822
2020-05-04 18:45:54,926747,926742,2020-05-04 18:45:54.355
2020-05-04 18:45:54,926720,926742,2020-05-04 18:45:54.900
2020-05-04 18:45:55,926720,926742,2020-05-04 18:45:55.824
2020-05-04 18:45:56,926720,927014,2020-05-04 18:45:56.420
2020-05-04 18:45:56,926769,927014,2020-05-04 18:45:56.939
2020-05-04 18:45:57,926769,926826,2020-05-04 18:45:57.470
2020-05-04 18:45:58,926826,927014,2020-05-04 18:45:58.059
2020-05-04 18:45:59,926826,927014,2020-05-04 18:45:59.734
2020-05-04 18:46:00,926826,927014,2020-05-04 18:46:00.253
2020-05-04 18:46:00,926690,926685,2020-05-04 18:46:00.763
2020-05-04 18:46:01,926651,926648,2020-05-04 18:46:01.290
2020-05-04 18:46:01,926651,926648,2020-05-04 18:46:01.802
2020-05-04 18:46:02,926651,926648,2020-05-04 18:46:02.746
2020-05-04 18:46:03,926651,926648,2020-05-04 18:46:03.294
2020-05-04 18:46:03,926651,926648,2020-05-04 18:46:03.804
2020-05-04 18:46:04,926651,926648,2020-05-04 18:46:04.320
2020-05-04 18:46:04,926651,926648,2020-05-04 18:46:04.861
2020-05-04 18:46:05,926651,926648,2020-05-04 18:46:05.464
2020-05-04 18:46:06,926651,926648,2020-05-04 18:46:06.085
2020-05-04 18:46:06,926651,926648,2020-05-04 18:46:06.606
2020-05-04 18:46:07,926651,926648,2020-05-04 18:46:07.142
2020-05-04 18:46:07,926651,926648,2020-05-04 18:46:07.848
2020-05-04 18:46:08,926685,926648,2020-05-04 18:46:08.366
2020-05-04 18:46:09,926685,926648,2020-05-04 18:46:09.209
2020-05-04 18:46:10,926685,926648,2020-05-04 18:46:10.178
2020-05-04 18:46:10,926686,926648,2020-05-04 18:46:10.691
2020-05-04 18:46:11,926686,926648,2020-05-04 18:46:11.275
2020-05-04 18:46:12,926686,926648,2020-05-04 18:46:12.408
2020-05-04 18:46:12,927037,926999,2020-05-04 18:46:12.969
2020-05-04 18:46:13,927038,926999,2020-05-04 18:46:13.526
2020-05-04 18:46:14,927038,926999,2020-05-04 18:46:14.051
2020-05-04 18:46:14,927038,926999,2020-05-04 18:46:14.577
2020-05-04 18:46:15,927038,926999,2020-05-04 18:46:15.154
2020-05-04 18:46:15,926810,926999,2020-05-04 18:46:15.702
2020-05-04 18:46:16,926810,927250,2020-05-04 18:46:16.222
2020-05-04 18:46:16,926815,927323,2020-05-04 18:46:16.856
2020-05-04 18:46:17,927030,927317,2020-05-04 18:46:17.404
2020-05-04 18:46:18,927030,927317,2020-05-04 18:46:18.001
2020-05-04 18:46:18,927030,927316,2020-05-04 18:46:18.541
2020-05-04 18:46:19,927030,927185,2020-05-04 18:46:19.068
2020-05-04 18:46:19,927030,927185,2020-05-04 18:46:19.831
2020-05-04 18:46:20,927030,927185,2020-05-04 18:46:20.477
2020-05-04 18:46:21,927030,927185,2020-05-04 18:46:21.247
2020-05-04 18:46:21,927030,927185,2020-05-04 18:46:21.754
2020-05-04 18:46:22,927030,926974,2020-05-04 18:46:22.277
2020-05-04 18:46:22,927030,927439,2020-05-04 18:46:22.902
2020-05-04 18:46:23,927030,927410,2020-05-04 18:46:23.425
2020-05-04 18:46:23,927032,927327,2020-05-04 18:46:23.947
2020-05-04 18:46:24,927032,927327,2020-05-04 18:46:24.546
2020-05-04 18:46:25,927159,927327,2020-05-04 18:46:25.087
2020-05-04 18:46:25,927176,927327,2020-05-04 18:46:25.665
2020-05-04 18:46:26,927176,927327,2020-05-04 18:46:26.293
2020-05-04 18:46:26,927176,927327,2020-05-04 18:46:26.828
2020-05-04 18:46:27,927045,927154,2020-05-04 18:46:27.590
2020-05-04 18:46:28,927154,927154,2020-05-04 18:46:28.106
2020-05-04 18:46:28,927154,927154,2020-05-04 18:46:28.615
2020-05-04 18:46:29,927154,927154,2020-05-04 18:46:29.211
2020-05-04 18:46:29,927154,927154,2020-05-04 18:46:29.717
2020-05-04 18:46:30,927154,927154,2020-05-04 18:46:30.239
2020-05-04 18:46:30,927154,927154,2020-05-04 18:46:30.754
2020-05-04 18:46:31,927078,927073,2020-05-04 18:46:31.312
2020-05-04 18:46:31,927091,927073,2020-05-04 18:46:31.845
2020-05-04 18:46:32,927091,927073,2020-05-04 18:46:32.434
2020-05-04 18:46:33,926981,927073,2020-05-04 18:46:33.097
2020-05-04 18:46:33,926981,927073,2020-05-04 18:46:33.657
2020-05-04 18:46:34,926981,927073,2020-05-04 18:46:34.175
2020-05-04 18:46:34,926929,926976,2020-05-04 18:46:34.809
2020-05-04 18:46:36,926929,926976,2020-05-04 18:46:36.144
2020-05-04 18:46:36,926928,926976,2020-05-04 18:46:36.659
2020-05-04 18:46:37,926928,926976,2020-05-04 18:46:37.243
2020-05-04 18:46:38,926928,926976,2020-05-04 18:46:38.157
2020-05-04 18:46:38,926928,926976,2020-05-04 18:46:38.769
2020-05-04 18:46:39,926928,926976,2020-05-04 18:46:39.431
2020-05-04 18:46:40,926878,926976,2020-05-04 18:46:40.276
2020-05-04 18:46:41,926878,926976,2020-05-04 18:46:41.155
2020-05-04 18:46:41,926878,926976,2020-05-04 18:46:41.703
2020-05-04 18:46:42,926878,926976,2020-05-04 18:46:42.223
2020-05-04 18:46:42,926878,926976,2020-05-04 18:46:42.736
2020-05-04 18:46:43,926878,926976,2020-05-04 18:46:43.316
2020-05-04 18:46:43,926878,926976,2020-05-04 18:46:43.872
2020-05-04 18:46:44,926880,926976,2020-05-04 18:46:44.820
2020-05-04 18:46:45,926885,926976,2020-05-04 18:46:45.339
2020-05-04 18:46:45,926885,926976,2020-05-04 18:46:45.843
2020-05-04 18:46:46,926885,926976,2020-05-04 18:46:46.355
2020-05-04 18:46:46,926859,926976,2020-05-04 18:46:46.895
2020-05-04 18:46:47,926859,926976,2020-05-04 18:46:47.497
2020-05-04 18:46:48,926859,926976,2020-05-04 18:46:48.050
2020-05-04 18:46:48,926911,926976,2020-05-04 18:46:48.832
2020-05-04 18:46:49,926911,926976,2020-05-04 18:46:49.820
2020-05-04 18:46:50,926911,926976,2020-05-04 18:46:50.332
2020-05-04 18:46:50,926911,926976,2020-05-04 18:46:50.879
2020-05-04 18:46:51,926911,926976,2020-05-04 18:46:51.420
2020-05-04 18:46:51,926911,926976,2020-05-04 18:46:51.943
2020-05-04 18:46:52,926911,926976,2020-05-04 18:46:52.454
2020-05-04 18:46:53,926911,926976,2020-05-04 18:46:52.998
2020-05-04 18:46:53,926911,926967,2020-05-04 18:46:53.546
2020-05-04 18:46:54,926911,926967,2020-05-04 18:46:54.061
2020-05-04 18:46:54,926911,926967,2020-05-04 18:46:54.597
2020-05-04 18:46:55,926722,926668,2020-05-04 18:46:55.103
2020-05-04 18:46:55,926602,926668,2020-05-04 18:46:55.649
2020-05-04 18:46:56,926763,926668,2020-05-04 18:46:56.173
2020-05-04 18:46:56,926763,926668,2020-05-04 18:46:56.781
2020-05-04 18:46:57,926602,926668,2020-05-04 18:46:57.343
2020-05-04 18:46:57,926602,926668,2020-05-04 18:46:57.928
2020-05-04 18:46:58,926470,926668,2020-05-04 18:46:58.650
2020-05-04 18:46:59,926404,926471,2020-05-04 18:46:59.183
2020-05-04 18:46:59,926404,926358,2020-05-04 18:46:59.708
2020-05-04 18:47:00,926260,926326,2020-05-04 18:47:00.220
2020-05-04 18:47:00,926179,926326,2020-05-04 18:47:00.770
2020-05-04 18:47:01,926191,926465,2020-05-04 18:47:01.461
2020-05-04 18:47:01,926219,926324,2020-05-04 18:47:01.965
2020-05-04 18:47:02,926143,926170,2020-05-04 18:47:02.500
2020-05-04 18:47:03,926144,926170,2020-05-04 18:47:03.012
2020-05-04 18:47:03,926025,926169,2020-05-04 18:47:03.570
2020-05-04 18:47:04,925910,926131,2020-05-04 18:47:04.110
2020-05-04 18:47:04,925909,926071,2020-05-04 18:47:04.655
2020-05-04 18:47:05,925840,926037,2020-05-04 18:47:05.224
2020-05-04 18:47:05,925818,926037,2020-05-04 18:47:05.779
2020-05-04 18:47:06,925809,926037,2020-05-04 18:47:06.334
2020-05-04 18:47:06,925803,925808,2020-05-04 18:47:06.879
2020-05-04 18:47:07,925790,926014,2020-05-04 18:47:07.393
2020-05-04 18:47:07,925706,925996,2020-05-04 18:47:07.922
2020-05-04 18:47:08,925724,925976,2020-05-04 18:47:08.832
2020-05-04 18:47:09,925617,925608,2020-05-04 18:47:09.338
2020-05-04 18:47:10,925613,925608,2020-05-04 18:47:10.073
2020-05-04 18:47:10,925511,925608,2020-05-04 18:47:10.599
2020-05-04 18:47:11,925516,925608,2020-05-04 18:47:11.138
2020-05-04 18:47:11,925516,925608,2020-05-04 18:47:11.669
2020-05-04 18:47:12,925516,925608,2020-05-04 18:47:12.239
2020-05-04 18:47:12,925516,925608,2020-05-04 18:47:12.788
2020-05-04 18:47:13,925516,925766,2020-05-04 18:47:13.381
2020-05-04 18:47:13,925516,925777,2020-05-04 18:47:13.933
2020-05-04 18:47:14,925566,925765,2020-05-04 18:47:14.455
2020-05-04 18:47:15,925566,925765,2020-05-04 18:47:15.458
2020-05-04 18:47:16,925848,925867,2020-05-04 18:47:16.023
2020-05-04 18:47:16,925965,925884,2020-05-04 18:47:16.535
2020-05-04 18:47:17,925965,925972,2020-05-04 18:47:17.266
2020-05-04 18:47:17,925972,926049,2020-05-04 18:47:17.831
2020-05-04 18:47:18,925944,926049,2020-05-04 18:47:18.380
2020-05-04 18:47:19,925944,926049,2020-05-04 18:47:19.011
2020-05-04 18:47:19,925944,926049,2020-05-04 18:47:19.925
2020-05-04 18:47:20,925944,926135,2020-05-04 18:47:20.458
2020-05-04 18:47:21,926071,926137,2020-05-04 18:47:20.992
2020-05-04 18:47:21,926140,926140,2020-05-04 18:47:21.594
2020-05-04 18:47:22,926211,926144,2020-05-04 18:47:22.139
2020-05-04 18:47:23,926211,926144,2020-05-04 18:47:23.125
2020-05-04 18:47:23,926121,926144,2020-05-04 18:47:23.697
2020-05-04 18:47:24,926183,926144,2020-05-04 18:47:24.213
2020-05-04 18:47:24,926198,926144,2020-05-04 18:47:24.754
2020-05-04 18:47:25,926198,926144,2020-05-04 18:47:25.294
2020-05-04 18:47:26,926183,926144,2020-05-04 18:47:26.952
2020-05-04 18:47:27,926183,926144,2020-05-04 18:47:27.456
2020-05-04 18:47:28,926183,926144,2020-05-04 18:47:27.994
2020-05-04 18:47:28,926269,926144,2020-05-04 18:47:28.518
2020-05-04 18:47:29,926269,926144,2020-05-04 18:47:29.061
2020-05-04 18:47:29,926269,926144,2020-05-04 18:47:29.571
2020-05-04 18:47:30,926269,926144,2020-05-04 18:47:30.218
2020-05-04 18:47:30,926269,926325,2020-05-04 18:47:30.731
2020-05-04 18:47:31,926270,926325,2020-05-04 18:47:31.273
2020-05-04 18:47:31,926270,926325,2020-05-04 18:47:31.774
2020-05-04 18:47:32,926270,926325,2020-05-04 18:47:32.639
2020-05-04 18:47:33,926329,926549,2020-05-04 18:47:33.143
2020-05-04 18:47:34,926329,926549,2020-05-04 18:47:34.146
2020-05-04 18:47:34,926426,926549,2020-05-04 18:47:34.653
2020-05-04 18:47:35,926426,926549,2020-05-04 18:47:35.207
2020-05-04 18:47:35,926426,926549,2020-05-04 18:47:35.719
2020-05-04 18:47:36,926426,926549,2020-05-04 18:47:36.236
2020-05-04 18:47:36,926566,926568,2020-05-04 18:47:36.739
2020-05-04 18:47:37,926566,926611,2020-05-04 18:47:37.294
2020-05-04 18:47:37,926566,926611,2020-05-04 18:47:37.831
2020-05-04 18:47:38,926440,926483,2020-05-04 18:47:38.354
2020-05-04 18:47:38,926440,926483,2020-05-04 18:47:38.865
2020-05-04 18:47:39,926440,926483,2020-05-04 18:47:39.818
2020-05-04 18:47:40,926440,926483,2020-05-04 18:47:40.530
2020-05-04 18:47:41,926440,926483,2020-05-04 18:47:41.047
2020-05-04 18:47:41,926440,926456,2020-05-04 18:47:41.575
2020-05-04 18:47:42,926441,926456,2020-05-04 18:47:42.231
2020-05-04 18:47:42,926749,926852,2020-05-04 18:47:42.751
2020-05-04 18:47:43,926841,927030,2020-05-04 18:47:43.271
2020-05-04 18:47:43,927095,927143,2020-05-04 18:47:43.810
2020-05-04 18:47:44,927261,927211,2020-05-04 18:47:44.479
2020-05-04 18:47:45,927145,927161,2020-05-04 18:47:45.266
2020-05-04 18:47:45,927080,927161,2020-05-04 18:47:45.814
2020-05-04 18:47:46,927080,927161,2020-05-04 18:47:46.505
2020-05-04 18:47:47,927080,927161,2020-05-04 18:47:47.120
2020-05-04 18:47:47,926939,927075,2020-05-04 18:47:47.654
2020-05-04 18:47:48,926957,927208,2020-05-04 18:47:48.374
2020-05-04 18:47:49,926957,927208,2020-05-04 18:47:49.018
2020-05-04 18:47:49,926957,927208,2020-05-04 18:47:49.557
2020-05-04 18:47:50,926957,927208,2020-05-04 18:47:50.246
2020-05-04 18:47:50,927003,927274,2020-05-04 18:47:50.875
2020-05-04 18:47:51,927003,927274,2020-05-04 18:47:51.406
2020-05-04 18:47:51,927003,927274,2020-05-04 18:47:51.935
2020-05-04 18:47:52,927008,927274,2020-05-04 18:47:52.450
2020-05-04 18:47:52,927008,927274,2020-05-04 18:47:52.965
2020-05-04 18:47:53,927299,927297,2020-05-04 18:47:53.830
2020-05-04 18:47:54,927167,927519,2020-05-04 18:47:54.419
2020-05-04 18:47:54,927384,927547,2020-05-04 18:47:54.967
2020-05-04 18:47:55,927384,927547,2020-05-04 18:47:55.496
2020-05-04 18:47:56,927384,927547,2020-05-04 18:47:56.012
2020-05-04 18:47:56,927384,927547,2020-05-04 18:47:56.533
2020-05-04 18:47:57,927384,927523,2020-05-04 18:47:57.067
2020-05-04 18:47:57,927384,927547,2020-05-04 18:47:57.699
2020-05-04 18:47:58,927384,927583,2020-05-04 18:47:58.238
2020-05-04 18:47:58,927377,927583,2020-05-04 18:47:58.754
2020-05-04 18:47:59,927377,927583,2020-05-04 18:47:59.293
2020-05-04 18:47:59,927377,927518,2020-05-04 18:47:59.826
2020-05-04 18:48:00,927367,927372,2020-05-04 18:48:00.473
2020-05-04 18:48:01,927367,927372,2020-05-04 18:48:01.479
2020-05-04 18:48:02,927367,927372,2020-05-04 18:48:02.023
2020-05-04 18:48:02,927145,927372,2020-05-04 18:48:02.568
2020-05-04 18:48:03,927145,927372,2020-05-04 18:48:03.086
2020-05-04 18:48:03,927145,927372,2020-05-04 18:48:03.595
2020-05-04 18:48:04,927145,927455,2020-05-04 18:48:04.235
2020-05-04 18:48:04,927195,927399,2020-05-04 18:48:04.792
2020-05-04 18:48:05,927195,927399,2020-05-04 18:48:05.387
2020-05-04 18:48:05,927195,927399,2020-05-04 18:48:05.909
2020-05-04 18:48:08,927195,927399,2020-05-04 18:48:08.019
2020-05-04 18:48:08,927195,927399,2020-05-04 18:48:08.530
2020-05-04 18:48:09,927404,927399,2020-05-04 18:48:09.050
2020-05-04 18:48:09,927195,927399,2020-05-04 18:48:09.579
2020-05-04 18:48:10,927195,927398,2020-05-04 18:48:10.189
2020-05-04 18:48:10,927195,927398,2020-05-04 18:48:10.799
2020-05-04 18:48:11,927195,927398,2020-05-04 18:48:11.595
2020-05-04 18:48:12,927195,927398,2020-05-04 18:48:12.772
2020-05-04 18:48:13,927197,927398,2020-05-04 18:48:13.283
2020-05-04 18:48:13,927197,927398,2020-05-04 18:48:13.835
2020-05-04 18:48:14,927197,927398,2020-05-04 18:48:14.427
2020-05-04 18:48:14,927197,927499,2020-05-04 18:48:14.949
2020-05-04 18:48:15,927197,927479,2020-05-04 18:48:15.522
2020-05-04 18:48:16,927198,927479,2020-05-04 18:48:16.110
2020-05-04 18:48:16,927198,927446,2020-05-04 18:48:16.638
2020-05-04 18:48:17,927198,927249,2020-05-04 18:48:17.259
2020-05-04 18:48:17,927198,927249,2020-05-04 18:48:17.841
2020-05-04 18:48:18,927200,927418,2020-05-04 18:48:18.407
2020-05-04 18:48:19,927200,927418,2020-05-04 18:48:18.948
2020-05-04 18:48:19,927200,927418,2020-05-04 18:48:19.520
2020-05-04 18:48:20,927200,927418,2020-05-04 18:48:20.389
2020-05-04 18:48:20,927200,927418,2020-05-04 18:48:20.913
2020-05-04 18:48:21,927112,927144,2020-05-04 18:48:21.881
2020-05-04 18:48:22,927025,927026,2020-05-04 18:48:22.396
2020-05-04 18:48:23,927010,927026,2020-05-04 18:48:23.024
2020-05-04 18:48:23,927002,927020,2020-05-04 18:48:23.628
2020-05-04 18:48:24,926832,926983,2020-05-04 18:48:24.181
2020-05-04 18:48:25,926760,926856,2020-05-04 18:48:25.156
2020-05-04 18:48:25,926565,926737,2020-05-04 18:48:25.673
2020-05-04 18:48:27,926529,926530,2020-05-04 18:48:27.209
2020-05-04 18:48:27,926450,926530,2020-05-04 18:48:27.769
2020-05-04 18:48:28,926450,926640,2020-05-04 18:48:28.312
2020-05-04 18:48:28,926519,926653,2020-05-04 18:48:28.816
2020-05-04 18:48:29,926519,926653,2020-05-04 18:48:29.664
2020-05-04 18:48:30,926583,926653,2020-05-04 18:48:30.203
2020-05-04 18:48:30,926654,926653,2020-05-04 18:48:30.715
2020-05-04 18:48:31,926654,926653,2020-05-04 18:48:31.231
2020-05-04 18:48:31,926654,926653,2020-05-04 18:48:31.782
2020-05-04 18:48:32,926555,926653,2020-05-04 18:48:32.303
2020-05-04 18:48:33,926555,926653,2020-05-04 18:48:33.556
2020-05-04 18:48:34,926555,926653,2020-05-04 18:48:34.358
2020-05-04 18:48:34,926580,926653,2020-05-04 18:48:34.875
2020-05-04 18:48:35,926723,926725,2020-05-04 18:48:35.394
2020-05-04 18:48:35,926723,926725,2020-05-04 18:48:35.944
2020-05-04 18:48:36,926723,926725,2020-05-04 18:48:36.834
2020-05-04 18:48:37,926731,926856,2020-05-04 18:48:37.480
2020-05-04 18:48:38,926731,926856,2020-05-04 18:48:38.069
2020-05-04 18:48:38,926731,926856,2020-05-04 18:48:38.602
2020-05-04 18:48:39,926731,926856,2020-05-04 18:48:39.141
2020-05-04 18:48:39,926750,926856,2020-05-04 18:48:39.656
2020-05-04 18:48:40,926750,926856,2020-05-04 18:48:40.273
2020-05-04 18:48:40,926750,926856,2020-05-04 18:48:40.865
2020-05-04 18:48:41,926750,926856,2020-05-04 18:48:41.372
2020-05-04 18:48:42,926954,927078,2020-05-04 18:48:42.254
2020-05-04 18:48:42,926954,927086,2020-05-04 18:48:42.797
2020-05-04 18:48:43,926954,927100,2020-05-04 18:48:43.304
2020-05-04 18:48:43,926954,927100,2020-05-04 18:48:43.834
2020-05-04 18:48:44,926954,927100,2020-05-04 18:48:44.497
2020-05-04 18:48:45,926954,927100,2020-05-04 18:48:45.003
2020-05-04 18:48:45,926954,927100,2020-05-04 18:48:45.537
2020-05-04 18:48:46,926954,927100,2020-05-04 18:48:46.637
2020-05-04 18:48:47,926958,927100,2020-05-04 18:48:47.161
2020-05-04 18:48:47,926966,927100,2020-05-04 18:48:47.676
2020-05-04 18:48:48,926970,927100,2020-05-04 18:48:48.551
2020-05-04 18:48:49,926970,927100,2020-05-04 18:48:49.078
2020-05-04 18:48:49,926970,927100,2020-05-04 18:48:49.911
2020-05-04 18:48:50,926970,927100,2020-05-04 18:48:50.977
2020-05-04 18:48:51,926981,927100,2020-05-04 18:48:51.560
2020-05-04 18:48:52,926981,927100,2020-05-04 18:48:52.097
2020-05-04 18:48:52,926981,927064,2020-05-04 18:48:52.614
2020-05-04 18:48:53,926990,927064,2020-05-04 18:48:53.381
2020-05-04 18:48:53,926990,927064,2020-05-04 18:48:53.940
2020-05-04 18:48:54,926990,927064,2020-05-04 18:48:54.694
2020-05-04 18:48:55,927064,927064,2020-05-04 18:48:55.307
2020-05-04 18:48:55,927064,927064,2020-05-04 18:48:55.857
2020-05-04 18:48:56,927064,927064,2020-05-04 18:48:56.661
2020-05-04 18:48:57,927064,927064,2020-05-04 18:48:57.204
2020-05-04 18:48:57,927064,927072,2020-05-04 18:48:57.770
2020-05-04 18:48:58,927064,927072,2020-05-04 18:48:58.412
2020-05-04 18:48:58,927064,927072,2020-05-04 18:48:58.933
2020-05-04 18:48:59,927012,927072,2020-05-04 18:48:59.464
2020-05-04 18:48:59,927012,927072,2020-05-04 18:48:59.994
2020-05-04 18:49:00,927073,927270,2020-05-04 18:49:00.505
2020-05-04 18:49:01,927073,927551,2020-05-04 18:49:01.049
2020-05-04 18:49:01,927143,927378,2020-05-04 18:49:01.556
2020-05-04 18:49:02,927143,927373,2020-05-04 18:49:02.557
2020-05-04 18:49:03,927170,927312,2020-05-04 18:49:03.456
2020-05-04 18:49:04,927170,927312,2020-05-04 18:49:04.072
2020-05-04 18:49:04,927170,927291,2020-05-04 18:49:04.589
2020-05-04 18:49:05,927170,927291,2020-05-04 18:49:05.283
2020-05-04 18:49:05,926938,927291,2020-05-04 18:49:05.804
2020-05-04 18:49:06,926941,927130,2020-05-04 18:49:06.337
2020-05-04 18:49:07,926904,926923,2020-05-04 18:49:07.133
2020-05-04 18:49:07,926904,926923,2020-05-04 18:49:07.669
2020-05-04 18:49:08,926904,926923,2020-05-04 18:49:08.182
2020-05-04 18:49:08,926876,927102,2020-05-04 18:49:08.821
2020-05-04 18:49:09,926876,926871,2020-05-04 18:49:09.741
2020-05-04 18:49:10,926876,926871,2020-05-04 18:49:10.256
2020-05-04 18:49:10,926876,926871,2020-05-04 18:49:10.767
2020-05-04 18:49:11,926876,926871,2020-05-04 18:49:11.278
2020-05-04 18:49:11,926876,926871,2020-05-04 18:49:11.957
2020-05-04 18:49:12,926876,926871,2020-05-04 18:49:12.492
2020-05-04 18:49:13,926876,926871,2020-05-04 18:49:13.011
2020-05-04 18:49:13,926876,926871,2020-05-04 18:49:13.564
2020-05-04 18:49:14,926876,927072,2020-05-04 18:49:14.679
2020-05-04 18:49:15,926876,927114,2020-05-04 18:49:15.246
2020-05-04 18:49:15,926876,927114,2020-05-04 18:49:15.767
2020-05-04 18:49:16,926876,927114,2020-05-04 18:49:16.577
2020-05-04 18:49:17,926889,927114,2020-05-04 18:49:17.197
2020-05-04 18:49:17,926889,927114,2020-05-04 18:49:17.721
2020-05-04 18:49:18,926889,927102,2020-05-04 18:49:18.223
2020-05-04 18:49:18,926889,927102,2020-05-04 18:49:18.745
2020-05-04 18:49:19,926894,927102,2020-05-04 18:49:19.283
2020-05-04 18:49:19,926915,927102,2020-05-04 18:49:19.799
2020-05-04 18:49:20,926915,927102,2020-05-04 18:49:20.335
2020-05-04 18:49:21,926915,927102,2020-05-04 18:49:21.031
2020-05-04 18:49:21,926915,927102,2020-05-04 18:49:21.572
2020-05-04 18:49:22,926947,927115,2020-05-04 18:49:22.429
2020-05-04 18:49:23,926947,927115,2020-05-04 18:49:23.334
2020-05-04 18:49:24,926947,927115,2020-05-04 18:49:24.231
2020-05-04 18:49:24,927011,927127,2020-05-04 18:49:24.833
2020-05-04 18:49:25,927011,927136,2020-05-04 18:49:25.351
2020-05-04 18:49:25,927132,927136,2020-05-04 18:49:25.914
2020-05-04 18:49:26,927200,927136,2020-05-04 18:49:26.459
2020-05-04 18:49:27,927209,927280,2020-05-04 18:49:26.995
2020-05-04 18:49:27,927217,927280,2020-05-04 18:49:27.609
2020-05-04 18:49:28,927217,927399,2020-05-04 18:49:28.131
2020-05-04 18:49:28,927217,927399,2020-05-04 18:49:28.688
2020-05-04 18:49:29,927217,927425,2020-05-04 18:49:29.215
2020-05-04 18:49:29,927186,927413,2020-05-04 18:49:29.752
2020-05-04 18:49:30,927186,927412,2020-05-04 18:49:30.390
2020-05-04 18:49:30,927186,927412,2020-05-04 18:49:30.951
2020-05-04 18:49:31,927209,927412,2020-05-04 18:49:31.455
2020-05-04 18:49:32,927209,927412,2020-05-04 18:49:32.086
2020-05-04 18:49:32,927209,927412,2020-05-04 18:49:32.644
2020-05-04 18:49:33,927219,927412,2020-05-04 18:49:33.153
2020-05-04 18:49:33,927058,927060,2020-05-04 18:49:33.676
2020-05-04 18:49:34,926933,927058,2020-05-04 18:49:34.205
2020-05-04 18:49:34,926873,926947,2020-05-04 18:49:34.781
2020-05-04 18:49:35,926812,926965,2020-05-04 18:49:35.555
2020-05-04 18:49:36,926812,926896,2020-05-04 18:49:36.115
2020-05-04 18:49:36,926812,926896,2020-05-04 18:49:36.622
2020-05-04 18:49:37,926902,926895,2020-05-04 18:49:37.830
2020-05-04 18:49:38,926902,926895,2020-05-04 18:49:38.392
2020-05-04 18:49:38,926904,926895,2020-05-04 18:49:38.930
2020-05-04 18:49:39,926904,926895,2020-05-04 18:49:39.486
2020-05-04 18:49:40,926904,926895,2020-05-04 18:49:40.010
2020-05-04 18:49:40,926904,926895,2020-05-04 18:49:40.551
2020-05-04 18:49:41,926904,926895,2020-05-04 18:49:41.074
2020-05-04 18:49:41,926904,926895,2020-05-04 18:49:41.609
2020-05-04 18:49:42,926904,926895,2020-05-04 18:49:42.130
2020-05-04 18:49:43,926904,926895,2020-05-04 18:49:43.327
2020-05-04 18:49:44,926902,926895,2020-05-04 18:49:44.270
2020-05-04 18:49:44,926902,926895,2020-05-04 18:49:44.888
2020-05-04 18:49:45,926553,926895,2020-05-04 18:49:45.438
2020-05-04 18:49:45,926569,926855,2020-05-04 18:49:45.946
2020-05-04 18:49:46,926569,926855,2020-05-04 18:49:46.474
2020-05-04 18:49:46,926856,926860,2020-05-04 18:49:46.999
2020-05-04 18:49:47,926856,926860,2020-05-04 18:49:47.501
2020-05-04 18:49:48,926684,926843,2020-05-04 18:49:48.036
2020-05-04 18:49:48,926684,926843,2020-05-04 18:49:48.774
2020-05-04 18:49:49,926684,926843,2020-05-04 18:49:49.351
2020-05-04 18:49:49,926684,926764,2020-05-04 18:49:49.867
2020-05-04 18:49:50,926684,926764,2020-05-04 18:49:50.698
2020-05-04 18:49:51,926684,926764,2020-05-04 18:49:51.512
2020-05-04 18:49:52,926684,926764,2020-05-04 18:49:52.057
2020-05-04 18:49:52,926764,926843,2020-05-04 18:49:52.881
2020-05-04 18:49:53,926720,926843,2020-05-04 18:49:53.395
2020-05-04 18:49:53,926744,926843,2020-05-04 18:49:53.959
2020-05-04 18:49:54,926744,926926,2020-05-04 18:49:54.486
2020-05-04 18:49:55,926929,926953,2020-05-04 18:49:55.012
2020-05-04 18:49:55,926744,926953,2020-05-04 18:49:55.564
2020-05-04 18:49:56,926744,926926,2020-05-04 18:49:56.094
2020-05-04 18:49:56,926744,926926,2020-05-04 18:49:56.633
2020-05-04 18:49:57,926744,926926,2020-05-04 18:49:57.187
2020-05-04 18:49:58,926744,926926,2020-05-04 18:49:58.041
2020-05-04 18:49:58,926744,926926,2020-05-04 18:49:58.621
2020-05-04 18:50:00,926744,926926,2020-05-04 18:50:00.263
2020-05-04 18:50:00,926744,926926,2020-05-04 18:50:00.778
2020-05-04 18:50:01,926744,926926,2020-05-04 18:50:01.291
2020-05-04 18:50:01,926744,926926,2020-05-04 18:50:01.820
2020-05-04 18:50:02,926822,926926,2020-05-04 18:50:02.326
2020-05-04 18:50:02,926822,926926,2020-05-04 18:50:02.847
2020-05-04 18:50:03,926822,926955,2020-05-04 18:50:03.985
2020-05-04 18:50:04,926822,926955,2020-05-04 18:50:04.782
2020-05-04 18:50:05,926826,926955,2020-05-04 18:50:05.285
2020-05-04 18:50:05,926826,926955,2020-05-04 18:50:05.822
2020-05-04 18:50:06,926963,926961,2020-05-04 18:50:06.357
2020-05-04 18:50:06,926963,926961,2020-05-04 18:50:06.889
2020-05-04 18:50:07,926963,926961,2020-05-04 18:50:07.489
2020-05-04 18:50:08,926963,926961,2020-05-04 18:50:08.000
2020-05-04 18:50:08,926963,926961,2020-05-04 18:50:08.545
2020-05-04 18:50:09,926992,926989,2020-05-04 18:50:09.079
2020-05-04 18:50:09,926831,926989,2020-05-04 18:50:09.652
2020-05-04 18:50:10,926837,926989,2020-05-04 18:50:10.279
2020-05-04 18:50:10,926837,926989,2020-05-04 18:50:10.826
2020-05-04 18:50:11,926837,926989,2020-05-04 18:50:11.423
2020-05-04 18:50:11,926837,926962,2020-05-04 18:50:11.937
2020-05-04 18:50:12,926837,926948,2020-05-04 18:50:12.485
2020-05-04 18:50:13,926831,926948,2020-05-04 18:50:13.036
2020-05-04 18:50:13,926831,926948,2020-05-04 18:50:13.630
2020-05-04 18:50:14,926831,926948,2020-05-04 18:50:14.188
2020-05-04 18:50:15,926831,926948,2020-05-04 18:50:15.395
2020-05-04 18:50:15,926831,926948,2020-05-04 18:50:15.965
2020-05-04 18:50:16,926775,926770,2020-05-04 18:50:16.643
2020-05-04 18:50:17,926775,926770,2020-05-04 18:50:17.381
2020-05-04 18:50:18,926775,926770,2020-05-04 18:50:18.037
2020-05-04 18:50:18,926775,926770,2020-05-04 18:50:18.549
2020-05-04 18:50:19,926659,926750,2020-05-04 18:50:19.091
2020-05-04 18:50:19,926659,926750,2020-05-04 18:50:19.777
2020-05-04 18:50:20,926660,926740,2020-05-04 18:50:20.301
2020-05-04 18:50:20,926660,926649,2020-05-04 18:50:20.811
2020-05-04 18:50:21,926522,926649,2020-05-04 18:50:21.509
2020-05-04 18:50:22,926522,926522,2020-05-04 18:50:22.065
2020-05-04 18:50:22,926522,926522,2020-05-04 18:50:22.585
2020-05-04 18:50:23,926522,926522,2020-05-04 18:50:23.130
2020-05-04 18:50:23,926522,926522,2020-05-04 18:50:23.756
2020-05-04 18:50:24,926385,926426,2020-05-04 18:50:24.270
2020-05-04 18:50:24,926239,926334,2020-05-04 18:50:24.811
2020-05-04 18:50:25,926239,926296,2020-05-04 18:50:25.446
2020-05-04 18:50:26,926238,926234,2020-05-04 18:50:26.000
2020-05-04 18:50:26,926238,926234,2020-05-04 18:50:26.725
2020-05-04 18:50:27,926238,926234,2020-05-04 18:50:27.226
2020-05-04 18:50:27,926238,926234,2020-05-04 18:50:27.825
2020-05-04 18:50:28,926238,926212,2020-05-04 18:50:28.338
2020-05-04 18:50:28,926100,926304,2020-05-04 18:50:28.854
2020-05-04 18:50:29,926134,926211,2020-05-04 18:50:29.405
2020-05-04 18:50:29,925789,926211,2020-05-04 18:50:29.941
2020-05-04 18:50:30,925663,926211,2020-05-04 18:50:30.470
2020-05-04 18:50:31,925744,925788,2020-05-04 18:50:31.152
2020-05-04 18:50:31,925859,926082,2020-05-04 18:50:31.726
2020-05-04 18:50:32,925871,926131,2020-05-04 18:50:32.251
2020-05-04 18:50:32,925871,926140,2020-05-04 18:50:32.825
2020-05-04 18:50:33,926079,926101,2020-05-04 18:50:33.349
2020-05-04 18:50:33,926100,926078,2020-05-04 18:50:33.884
2020-05-04 18:50:34,926100,926102,2020-05-04 18:50:34.573
2020-05-04 18:50:35,926100,926127,2020-05-04 18:50:35.094
2020-05-04 18:50:35,926100,926100,2020-05-04 18:50:35.716
2020-05-04 18:50:36,926100,926078,2020-05-04 18:50:36.258
2020-05-04 18:50:36,926100,926141,2020-05-04 18:50:36.792
2020-05-04 18:50:37,926100,926141,2020-05-04 18:50:37.345
2020-05-04 18:50:37,926100,926141,2020-05-04 18:50:37.851
2020-05-04 18:50:38,926100,926108,2020-05-04 18:50:38.398
2020-05-04 18:50:38,926100,926141,2020-05-04 18:50:38.935
2020-05-04 18:50:39,926100,926141,2020-05-04 18:50:39.447
2020-05-04 18:50:39,926100,926141,2020-05-04 18:50:39.956
2020-05-04 18:50:40,926217,926185,2020-05-04 18:50:40.489
2020-05-04 18:50:41,926217,926185,2020-05-04 18:50:41.027
2020-05-04 18:50:41,926217,926181,2020-05-04 18:50:41.594
2020-05-04 18:50:42,926217,926125,2020-05-04 18:50:42.098
2020-05-04 18:50:42,926217,926125,2020-05-04 18:50:42.613
2020-05-04 18:50:43,926217,926204,2020-05-04 18:50:43.149
2020-05-04 18:50:43,926219,926236,2020-05-04 18:50:43.829
2020-05-04 18:50:44,926219,926255,2020-05-04 18:50:44.364
2020-05-04 18:50:45,926219,926256,2020-05-04 18:50:45.156
2020-05-04 18:50:45,926219,926256,2020-05-04 18:50:45.665
2020-05-04 18:50:46,926223,926256,2020-05-04 18:50:46.304
2020-05-04 18:50:46,926223,926256,2020-05-04 18:50:46.863
2020-05-04 18:50:47,926223,926256,2020-05-04 18:50:47.486
2020-05-04 18:50:48,926106,926229,2020-05-04 18:50:48.002
2020-05-04 18:50:48,926058,926256,2020-05-04 18:50:48.510
2020-05-04 18:50:49,926229,926256,2020-05-04 18:50:49.084
2020-05-04 18:50:49,926229,926256,2020-05-04 18:50:49.618
2020-05-04 18:50:50,926229,926256,2020-05-04 18:50:50.153
2020-05-04 18:50:50,926229,926256,2020-05-04 18:50:50.695
2020-05-04 18:50:51,926229,926256,2020-05-04 18:50:51.670
2020-05-04 18:50:52,926229,926256,2020-05-04 18:50:52.386
2020-05-04 18:50:52,926229,926256,2020-05-04 18:50:52.976
2020-05-04 18:50:53,926229,926256,2020-05-04 18:50:53.690
2020-05-04 18:50:54,926347,926492,2020-05-04 18:50:54.324
2020-05-04 18:50:54,926347,926492,2020-05-04 18:50:54.978
2020-05-04 18:50:55,926351,926492,2020-05-04 18:50:55.536
2020-05-04 18:50:56,926351,926492,2020-05-04 18:50:56.311
2020-05-04 18:50:56,926351,926492,2020-05-04 18:50:56.869
2020-05-04 18:50:57,926351,926395,2020-05-04 18:50:57.407
2020-05-04 18:50:57,926351,926395,2020-05-04 18:50:57.953
2020-05-04 18:50:58,926378,926356,2020-05-04 18:50:58.877
2020-05-04 18:50:59,926386,926568,2020-05-04 18:50:59.394
2020-05-04 18:50:59,926533,926687,2020-05-04 18:50:59.910
2020-05-04 18:51:00,926743,926716,2020-05-04 18:51:00.479
2020-05-04 18:51:01,926750,926800,2020-05-04 18:51:01.000
2020-05-04 18:51:01,926750,926800,2020-05-04 18:51:01.523
2020-05-04 18:51:02,926622,926745,2020-05-04 18:51:02.082
2020-05-04 18:51:02,926622,926970,2020-05-04 18:51:02.644
2020-05-04 18:51:03,926651,927120,2020-05-04 18:51:03.173
2020-05-04 18:51:03,927168,927240,2020-05-04 18:51:03.752
2020-05-04 18:51:04,927163,927189,2020-05-04 18:51:04.382
2020-05-04 18:51:04,926862,927063,2020-05-04 18:51:04.931
2020-05-04 18:51:05,927128,927181,2020-05-04 18:51:05.821
2020-05-04 18:51:06,927246,927321,2020-05-04 18:51:06.461
2020-05-04 18:51:07,927056,927323,2020-05-04 18:51:07.073
2020-05-04 18:51:07,927100,927301,2020-05-04 18:51:07.613
2020-05-04 18:51:08,927056,927301,2020-05-04 18:51:08.153
2020-05-04 18:51:08,927056,927296,2020-05-04 18:51:08.702
2020-05-04 18:51:09,927043,927051,2020-05-04 18:51:09.363
2020-05-04 18:51:09,927056,927051,2020-05-04 18:51:09.889
2020-05-04 18:51:10,927056,927051,2020-05-04 18:51:10.456
2020-05-04 18:51:11,926987,926974,2020-05-04 18:51:10.980
2020-05-04 18:51:12,926987,926974,2020-05-04 18:51:11.607
2020-05-04 18:51:13,927014,926974,2020-05-04 18:51:13.130
2020-05-04 18:51:13,927014,926974,2020-05-04 18:51:13.671
2020-05-04 18:51:14,927014,926974,2020-05-04 18:51:14.237
2020-05-04 18:51:14,927181,926974,2020-05-04 18:51:14.746
2020-05-04 18:51:15,927181,926974,2020-05-04 18:51:15.272
2020-05-04 18:51:15,927181,926974,2020-05-04 18:51:15.798
2020-05-04 18:51:16,927181,926974,2020-05-04 18:51:16.600
2020-05-04 18:51:17,927181,926974,2020-05-04 18:51:17.117
2020-05-04 18:51:17,927181,926974,2020-05-04 18:51:17.630
2020-05-04 18:51:18,927181,926974,2020-05-04 18:51:18.144
2020-05-04 18:51:18,927181,926974,2020-05-04 18:51:18.695
2020-05-04 18:51:19,927181,926974,2020-05-04 18:51:19.232
2020-05-04 18:51:19,927181,926974,2020-05-04 18:51:19.762
2020-05-04 18:51:20,927181,926974,2020-05-04 18:51:20.268
2020-05-04 18:51:20,927181,926974,2020-05-04 18:51:20.837
2020-05-04 18:51:21,927181,926974,2020-05-04 18:51:21.481
2020-05-04 18:51:21,927181,926974,2020-05-04 18:51:21.996
2020-05-04 18:51:22,927181,926974,2020-05-04 18:51:22.543
2020-05-04 18:51:23,927181,926974,2020-05-04 18:51:23.068
2020-05-04 18:51:23,927181,926974,2020-05-04 18:51:23.709
2020-05-04 18:51:24,927181,926974,2020-05-04 18:51:24.255
2020-05-04 18:51:24,927181,926974,2020-05-04 18:51:24.777
2020-05-04 18:51:25,927002,926974,2020-05-04 18:51:25.378
2020-05-04 18:51:25,926968,926974,2020-05-04 18:51:25.888
2020-05-04 18:51:26,926968,926974,2020-05-04 18:51:26.822
2020-05-04 18:51:27,926968,926940,2020-05-04 18:51:27.346
2020-05-04 18:51:27,926929,926940,2020-05-04 18:51:27.848
2020-05-04 18:51:28,926920,926928,2020-05-04 18:51:28.364
2020-05-04 18:51:28,926932,926928,2020-05-04 18:51:28.879
2020-05-04 18:51:29,926956,926928,2020-05-04 18:51:29.405
2020-05-04 18:51:30,926932,926928,2020-05-04 18:51:30.564
2020-05-04 18:51:31,926977,926928,2020-05-04 18:51:31.091
2020-05-04 18:51:31,926977,926928,2020-05-04 18:51:31.595
2020-05-04 18:51:32,926919,926928,2020-05-04 18:51:32.155
2020-05-04 18:51:32,926936,926928,2020-05-04 18:51:32.808
2020-05-04 18:51:33,926936,926972,2020-05-04 18:51:33.328
2020-05-04 18:51:34,926936,926972,2020-05-04 18:51:34.355
2020-05-04 18:51:34,926931,926931,2020-05-04 18:51:34.879
2020-05-04 18:51:35,926825,926931,2020-05-04 18:51:35.477
2020-05-04 18:51:36,926940,926931,2020-05-04 18:51:36.014
2020-05-04 18:51:36,926940,926931,2020-05-04 18:51:36.676
2020-05-04 18:51:37,926858,926835,2020-05-04 18:51:37.188
2020-05-04 18:51:37,926858,926835,2020-05-04 18:51:37.788
2020-05-04 18:51:38,926858,926835,2020-05-04 18:51:38.329
2020-05-04 18:51:38,926858,926835,2020-05-04 18:51:38.888
2020-05-04 18:51:39,926858,926835,2020-05-04 18:51:39.843
2020-05-04 18:51:40,926976,926972,2020-05-04 18:51:40.380
2020-05-04 18:51:41,926847,926972,2020-05-04 18:51:41.029
2020-05-04 18:51:41,926847,926971,2020-05-04 18:51:41.678
2020-05-04 18:51:42,926847,926971,2020-05-04 18:51:42.197
2020-05-04 18:51:42,926863,926971,2020-05-04 18:51:42.732
2020-05-04 18:51:43,926863,926971,2020-05-04 18:51:43.535
2020-05-04 18:51:44,926965,926984,2020-05-04 18:51:44.113
2020-05-04 18:51:44,926965,926995,2020-05-04 18:51:44.827
2020-05-04 18:51:45,926965,926984,2020-05-04 18:51:45.344
2020-05-04 18:51:45,926991,926984,2020-05-04 18:51:45.897
2020-05-04 18:51:46,926991,926999,2020-05-04 18:51:46.477
2020-05-04 18:51:47,926983,926999,2020-05-04 18:51:47.340
2020-05-04 18:51:47,926983,926999,2020-05-04 18:51:47.851
2020-05-04 18:51:48,926983,926999,2020-05-04 18:51:48.368
2020-05-04 18:51:49,926983,926999,2020-05-04 18:51:49.093
2020-05-04 18:51:49,926983,926999,2020-05-04 18:51:49.634
2020-05-04 18:51:50,926983,926996,2020-05-04 18:51:50.175
2020-05-04 18:51:50,926983,926996,2020-05-04 18:51:50.686
2020-05-04 18:51:51,926983,926996,2020-05-04 18:51:51.483
2020-05-04 18:51:52,926840,926841,2020-05-04 18:51:52.096
2020-05-04 18:51:52,926840,926841,2020-05-04 18:51:52.626
2020-05-04 18:51:53,926840,926839,2020-05-04 18:51:53.215
2020-05-04 18:51:53,926840,926839,2020-05-04 18:51:53.799
2020-05-04 18:51:54,926840,926839,2020-05-04 18:51:54.340
2020-05-04 18:51:54,926809,926804,2020-05-04 18:51:54.849
2020-05-04 18:51:55,926809,926804,2020-05-04 18:51:55.447
2020-05-04 18:51:55,926727,926804,2020-05-04 18:51:55.970
2020-05-04 18:51:56,926737,926792,2020-05-04 18:51:56.702
2020-05-04 18:51:57,926738,926792,2020-05-04 18:51:57.220
2020-05-04 18:51:58,926738,926779,2020-05-04 18:51:58.296
2020-05-04 18:51:58,926738,926779,2020-05-04 18:51:58.821
2020-05-04 18:51:59,926747,926779,2020-05-04 18:51:59.348
2020-05-04 18:51:59,926747,926779,2020-05-04 18:51:59.879
2020-05-04 18:52:00,926738,926742,2020-05-04 18:52:00.499
2020-05-04 18:52:01,926738,926742,2020-05-04 18:52:01.059
2020-05-04 18:52:02,926738,926779,2020-05-04 18:52:02.603
2020-05-04 18:52:03,926738,926779,2020-05-04 18:52:03.144
2020-05-04 18:52:03,926738,926779,2020-05-04 18:52:03.676
2020-05-04 18:52:04,926738,926779,2020-05-04 18:52:04.214
2020-05-04 18:52:04,926738,926779,2020-05-04 18:52:04.782
2020-05-04 18:52:05,926738,926779,2020-05-04 18:52:05.421
2020-05-04 18:52:05,926738,926779,2020-05-04 18:52:05.935
2020-05-04 18:52:06,926738,926779,2020-05-04 18:52:06.529
2020-05-04 18:52:07,926738,926779,2020-05-04 18:52:07.092
2020-05-04 18:52:07,926738,926779,2020-05-04 18:52:07.655
2020-05-04 18:52:08,926738,926761,2020-05-04 18:52:08.167
2020-05-04 18:52:09,926738,926761,2020-05-04 18:52:09.442
2020-05-04 18:52:10,926738,926761,2020-05-04 18:52:10.683
2020-05-04 18:52:11,926738,926761,2020-05-04 18:52:11.217
2020-05-04 18:52:11,926654,926644,2020-05-04 18:52:11.886
2020-05-04 18:52:12,926606,926642,2020-05-04 18:52:12.390
2020-05-04 18:52:12,926559,926729,2020-05-04 18:52:12.907
2020-05-04 18:52:13,926600,926627,2020-05-04 18:52:13.429
2020-05-04 18:52:13,926600,926595,2020-05-04 18:52:13.935
2020-05-04 18:52:14,926600,926595,2020-05-04 18:52:14.470
2020-05-04 18:52:15,926600,926595,2020-05-04 18:52:15.131
2020-05-04 18:52:15,926600,926595,2020-05-04 18:52:15.720
2020-05-04 18:52:16,926559,926583,2020-05-04 18:52:16.321
2020-05-04 18:52:16,926559,926583,2020-05-04 18:52:16.837
2020-05-04 18:52:17,926559,926583,2020-05-04 18:52:17.396
2020-05-04 18:52:17,926559,926583,2020-05-04 18:52:17.984
2020-05-04 18:52:18,926559,926583,2020-05-04 18:52:18.514
2020-05-04 18:52:19,926559,926583,2020-05-04 18:52:19.020
2020-05-04 18:52:19,926559,926583,2020-05-04 18:52:19.948
2020-05-04 18:52:20,926461,926627,2020-05-04 18:52:20.467
2020-05-04 18:52:21,926461,926627,2020-05-04 18:52:21.007
2020-05-04 18:52:22,926461,926602,2020-05-04 18:52:22.523
2020-05-04 18:52:23,926462,926602,2020-05-04 18:52:23.081
2020-05-04 18:52:23,926467,926602,2020-05-04 18:52:23.615
2020-05-04 18:52:24,926467,926558,2020-05-04 18:52:24.138
2020-05-04 18:52:24,926559,926627,2020-05-04 18:52:24.723
2020-05-04 18:52:25,926559,926627,2020-05-04 18:52:25.247
2020-05-04 18:52:25,926559,926627,2020-05-04 18:52:25.811
2020-05-04 18:52:26,926559,926627,2020-05-04 18:52:26.349
2020-05-04 18:52:26,926559,926627,2020-05-04 18:52:26.872
2020-05-04 18:52:27,926559,926627,2020-05-04 18:52:27.396
2020-05-04 18:52:27,926559,926627,2020-05-04 18:52:27.945
2020-05-04 18:52:28,926424,926627,2020-05-04 18:52:28.480
2020-05-04 18:52:29,926386,926544,2020-05-04 18:52:29.295
2020-05-04 18:52:29,926386,926544,2020-05-04 18:52:29.823
2020-05-04 18:52:30,926549,926627,2020-05-04 18:52:30.367
2020-05-04 18:52:30,926549,926627,2020-05-04 18:52:30.874
2020-05-04 18:52:31,926549,926627,2020-05-04 18:52:31.709
2020-05-04 18:52:32,926549,926627,2020-05-04 18:52:32.255
2020-05-04 18:52:32,926549,926627,2020-05-04 18:52:32.762
2020-05-04 18:52:33,926549,926627,2020-05-04 18:52:33.299
2020-05-04 18:52:34,926549,926649,2020-05-04 18:52:34.093
2020-05-04 18:52:34,926422,926649,2020-05-04 18:52:34.671
2020-05-04 18:52:35,926422,926591,2020-05-04 18:52:35.199
2020-05-04 18:52:35,926402,926591,2020-05-04 18:52:35.818
2020-05-04 18:52:36,926402,926591,2020-05-04 18:52:36.666
2020-05-04 18:52:37,926552,926596,2020-05-04 18:52:37.244
2020-05-04 18:52:38,926552,926596,2020-05-04 18:52:38.022
2020-05-04 18:52:38,926552,926588,2020-05-04 18:52:38.586
2020-05-04 18:52:39,926552,926588,2020-05-04 18:52:39.185
2020-05-04 18:52:39,926442,926573,2020-05-04 18:52:39.749
2020-05-04 18:52:40,926442,926573,2020-05-04 18:52:40.261
2020-05-04 18:52:40,926442,926573,2020-05-04 18:52:40.941
2020-05-04 18:52:41,926442,926573,2020-05-04 18:52:41.468
2020-05-04 18:52:41,926442,926573,2020-05-04 18:52:41.986
2020-05-04 18:52:42,926442,926573,2020-05-04 18:52:42.520
2020-05-04 18:52:43,926442,926548,2020-05-04 18:52:43.053
2020-05-04 18:52:43,926442,926548,2020-05-04 18:52:43.743
2020-05-04 18:52:44,926442,926548,2020-05-04 18:52:44.302
2020-05-04 18:52:44,926442,926548,2020-05-04 18:52:44.848
2020-05-04 18:52:45,926442,926548,2020-05-04 18:52:45.379
2020-05-04 18:52:45,926442,926548,2020-05-04 18:52:45.908
2020-05-04 18:52:46,926442,926548,2020-05-04 18:52:46.420
2020-05-04 18:52:46,926442,926548,2020-05-04 18:52:46.932
2020-05-04 18:52:47,926442,926494,2020-05-04 18:52:47.762
2020-05-04 18:52:48,926442,926494,2020-05-04 18:52:48.327
2020-05-04 18:52:48,926442,926494,2020-05-04 18:52:48.885
2020-05-04 18:52:49,926442,926494,2020-05-04 18:52:49.476
2020-05-04 18:52:50,926442,926494,2020-05-04 18:52:50.041
2020-05-04 18:52:50,926442,926494,2020-05-04 18:52:50.762
2020-05-04 18:52:51,926442,926452,2020-05-04 18:52:51.414
2020-05-04 18:52:51,926442,926452,2020-05-04 18:52:51.925
2020-05-04 18:52:52,926442,926452,2020-05-04 18:52:52.537
2020-05-04 18:52:53,926442,926452,2020-05-04 18:52:53.069
2020-05-04 18:52:53,926442,926452,2020-05-04 18:52:53.577
2020-05-04 18:52:54,926442,926452,2020-05-04 18:52:54.087
2020-05-04 18:52:54,926442,926452,2020-05-04 18:52:54.629
2020-05-04 18:52:55,926442,926452,2020-05-04 18:52:55.511
2020-05-04 18:52:56,926442,926452,2020-05-04 18:52:56.102
2020-05-04 18:52:56,926442,926452,2020-05-04 18:52:56.619
2020-05-04 18:52:57,926442,926452,2020-05-04 18:52:57.181
2020-05-04 18:52:57,926442,926452,2020-05-04 18:52:57.745
2020-05-04 18:52:58,926402,926452,2020-05-04 18:52:58.317
2020-05-04 18:52:58,926083,926452,2020-05-04 18:52:58.852
2020-05-04 18:52:59,926127,926452,2020-05-04 18:52:59.381
2020-05-04 18:52:59,926074,926380,2020-05-04 18:52:59.904
2020-05-04 18:53:00,926074,926366,2020-05-04 18:53:00.443
2020-05-04 18:53:01,926075,926298,2020-05-04 18:53:01.212
2020-05-04 18:53:01,926075,926297,2020-05-04 18:53:01.741
2020-05-04 18:53:02,926075,926297,2020-05-04 18:53:02.285
2020-05-04 18:53:02,926075,926048,2020-05-04 18:53:02.813
2020-05-04 18:53:03,925973,925974,2020-05-04 18:53:03.363
2020-05-04 18:53:03,925959,925974,2020-05-04 18:53:03.930
2020-05-04 18:53:04,925915,925966,2020-05-04 18:53:04.514
2020-05-04 18:53:05,925586,925966,2020-05-04 18:53:05.037
2020-05-04 18:53:05,925739,925823,2020-05-04 18:53:05.545
2020-05-04 18:53:06,925586,925568,2020-05-04 18:53:06.138
2020-05-04 18:53:06,925586,925568,2020-05-04 18:53:06.666
2020-05-04 18:53:07,925679,925717,2020-05-04 18:53:07.605
2020-05-04 18:53:08,925595,925672,2020-05-04 18:53:08.111
2020-05-04 18:53:08,925595,925672,2020-05-04 18:53:08.642
2020-05-04 18:53:09,925595,925653,2020-05-04 18:53:09.220
2020-05-04 18:53:09,925595,925652,2020-05-04 18:53:09.756
2020-05-04 18:53:10,925595,925652,2020-05-04 18:53:10.322
2020-05-04 18:53:10,925595,925652,2020-05-04 18:53:10.846
2020-05-04 18:53:11,925595,925643,2020-05-04 18:53:11.648
2020-05-04 18:53:12,925595,925614,2020-05-04 18:53:12.202
2020-05-04 18:53:12,925406,925652,2020-05-04 18:53:12.801
2020-05-04 18:53:13,925406,925807,2020-05-04 18:53:13.344
2020-05-04 18:53:13,925494,925810,2020-05-04 18:53:13.892
2020-05-04 18:53:14,925706,925811,2020-05-04 18:53:14.830
2020-05-04 18:53:15,925706,925810,2020-05-04 18:53:15.747
2020-05-04 18:53:16,925706,925798,2020-05-04 18:53:16.267
2020-05-04 18:53:16,925706,925760,2020-05-04 18:53:16.798
2020-05-04 18:53:17,925706,925811,2020-05-04 18:53:17.343
2020-05-04 18:53:17,925776,925810,2020-05-04 18:53:17.889
2020-05-04 18:53:18,925776,925811,2020-05-04 18:53:18.470
2020-05-04 18:53:19,925864,925946,2020-05-04 18:53:19.098
2020-05-04 18:53:19,925964,925932,2020-05-04 18:53:19.604
2020-05-04 18:53:20,925964,925932,2020-05-04 18:53:20.701
2020-05-04 18:53:21,925953,925932,2020-05-04 18:53:21.215
2020-05-04 18:53:21,925953,925932,2020-05-04 18:53:21.835
2020-05-04 18:53:22,926014,925932,2020-05-04 18:53:22.364
2020-05-04 18:53:22,926014,925932,2020-05-04 18:53:22.888
2020-05-04 18:53:23,926014,925932,2020-05-04 18:53:23.526
2020-05-04 18:53:24,925872,925932,2020-05-04 18:53:24.049
2020-05-04 18:53:24,925690,925932,2020-05-04 18:53:24.711
2020-05-04 18:53:25,925747,925932,2020-05-04 18:53:25.403
2020-05-04 18:53:26,925747,925908,2020-05-04 18:53:26.097
2020-05-04 18:53:26,925908,925932,2020-05-04 18:53:26.653
2020-05-04 18:53:27,925908,925932,2020-05-04 18:53:27.161
2020-05-04 18:53:28,925908,925932,2020-05-04 18:53:27.865
2020-05-04 18:53:29,925908,925932,2020-05-04 18:53:29.374
2020-05-04 18:53:30,925908,925892,2020-05-04 18:53:30.009
2020-05-04 18:53:30,925908,925892,2020-05-04 18:53:30.549
2020-05-04 18:53:31,925908,925892,2020-05-04 18:53:31.067
2020-05-04 18:53:31,925908,925837,2020-05-04 18:53:31.708
2020-05-04 18:53:32,925908,925891,2020-05-04 18:53:32.251
2020-05-04 18:53:32,925908,925891,2020-05-04 18:53:32.779
2020-05-04 18:53:33,925908,925891,2020-05-04 18:53:33.294
2020-05-04 18:53:34,925908,925932,2020-05-04 18:53:34.003
2020-05-04 18:53:34,925908,925891,2020-05-04 18:53:34.662
2020-05-04 18:53:35,925908,925891,2020-05-04 18:53:35.381
2020-05-04 18:53:35,925908,925891,2020-05-04 18:53:35.918
2020-05-04 18:53:36,925908,925891,2020-05-04 18:53:36.469
2020-05-04 18:53:36,925908,925891,2020-05-04 18:53:36.993
2020-05-04 18:53:37,925908,925891,2020-05-04 18:53:37.505
2020-05-04 18:53:38,925908,925891,2020-05-04 18:53:38.035
2020-05-04 18:53:38,925908,925891,2020-05-04 18:53:38.626
