timestamp,bid,ask,tick_timestamp
2020-03-24 17:42:07,747242.0,747901.0,2020-03-24 17:42:07
2020-03-24 17:42:08,747242.0,747901.0,2020-03-24 17:42:08
2020-03-24 17:42:09,747242.0,747901.0,2020-03-24 17:42:09
2020-03-24 17:42:11,747242.0,747901.0,2020-03-24 17:42:11
2020-03-24 17:42:12,747242.0,747901.0,2020-03-24 17:42:12
2020-03-24 17:42:13,747242.0,747901.0,2020-03-24 17:42:13
2020-03-24 17:42:14,747242.0,747901.0,2020-03-24 17:42:14
2020-03-24 17:42:15,747242.0,747901.0,2020-03-24 17:42:15
2020-03-24 17:42:16,747242.0,747901.0,2020-03-24 17:42:16
2020-03-24 17:42:17,748124.0,748129.0,2020-03-24 17:42:17
2020-03-24 17:42:18,748124.0,748129.0,2020-03-24 17:42:18
2020-03-24 17:42:19,748124.0,748129.0,2020-03-24 17:42:19
2020-03-24 17:42:20,748124.0,748129.0,2020-03-24 17:42:20
2020-03-24 17:42:21,748124.0,748129.0,2020-03-24 17:42:21
2020-03-24 17:42:22,748124.0,748129.0,2020-03-24 17:42:22
2020-03-24 17:42:24,748124.0,748129.0,2020-03-24 17:42:23
2020-03-24 17:42:25,748124.0,748129.0,2020-03-24 17:42:25
2020-03-24 17:42:26,748124.0,748129.0,2020-03-24 17:42:26
2020-03-24 17:42:27,748124.0,748129.0,2020-03-24 17:42:27
2020-03-24 17:42:28,748124.0,748129.0,2020-03-24 17:42:28
2020-03-24 17:42:29,748715.0,749407.0,2020-03-24 17:42:29
2020-03-24 17:42:30,748715.0,749407.0,2020-03-24 17:42:30
2020-03-24 17:42:31,748715.0,749407.0,2020-03-24 17:42:31
2020-03-24 17:42:32,748715.0,749407.0,2020-03-24 17:42:32
2020-03-24 17:42:33,748715.0,749407.0,2020-03-24 17:42:33
2020-03-24 17:42:34,748715.0,749407.0,2020-03-24 17:42:34
2020-03-24 17:42:35,748715.0,749407.0,2020-03-24 17:42:35
2020-03-24 17:42:36,748715.0,749407.0,2020-03-24 17:42:36
2020-03-24 17:42:38,748715.0,749407.0,2020-03-24 17:42:38
2020-03-24 17:42:39,750407.0,750769.0,2020-03-24 17:42:39
2020-03-24 17:42:40,750407.0,750769.0,2020-03-24 17:42:40
2020-03-24 17:42:41,750407.0,750769.0,2020-03-24 17:42:41
2020-03-24 17:42:42,750407.0,750769.0,2020-03-24 17:42:42
2020-03-24 17:42:43,750407.0,750769.0,2020-03-24 17:42:43
2020-03-24 17:42:44,750407.0,750769.0,2020-03-24 17:42:44
2020-03-24 17:42:45,750407.0,750769.0,2020-03-24 17:42:45
2020-03-24 17:42:46,750407.0,750769.0,2020-03-24 17:42:46
2020-03-24 17:42:48,749430.0,749717.0,2020-03-24 17:42:47
2020-03-24 17:42:49,749430.0,749717.0,2020-03-24 17:42:49
2020-03-24 17:42:50,749430.0,749717.0,2020-03-24 17:42:50
2020-03-24 17:42:51,749430.0,749717.0,2020-03-24 17:42:51
2020-03-24 17:42:52,749430.0,749717.0,2020-03-24 17:42:52
2020-03-24 17:42:53,749430.0,749717.0,2020-03-24 17:42:53
2020-03-24 17:42:54,749430.0,749717.0,2020-03-24 17:42:54
2020-03-24 17:42:55,749430.0,749717.0,2020-03-24 17:42:55
2020-03-24 17:42:56,749430.0,749717.0,2020-03-24 17:42:56
2020-03-24 17:42:57,748482.0,748787.0,2020-03-24 17:42:57
2020-03-24 17:42:58,748482.0,748787.0,2020-03-24 17:42:58
2020-03-24 17:42:59,748482.0,748787.0,2020-03-24 17:42:59
2020-03-24 17:43:00,748482.0,748787.0,2020-03-24 17:43:00
2020-03-24 17:43:01,748482.0,748787.0,2020-03-24 17:43:01
2020-03-24 17:43:03,748482.0,748787.0,2020-03-24 17:43:03
2020-03-24 17:43:04,748482.0,748787.0,2020-03-24 17:43:04
2020-03-24 17:43:05,748482.0,748787.0,2020-03-24 17:43:05
2020-03-24 17:43:06,748000.0,748001.0,2020-03-24 17:43:06
2020-03-24 17:43:07,748000.0,748001.0,2020-03-24 17:43:07
2020-03-24 17:43:08,748000.0,748001.0,2020-03-24 17:43:08
2020-03-24 17:43:09,748000.0,748001.0,2020-03-24 17:43:09
2020-03-24 17:43:10,748000.0,748001.0,2020-03-24 17:43:10
2020-03-24 17:43:11,748000.0,748001.0,2020-03-24 17:43:11
2020-03-24 17:43:12,748000.0,748001.0,2020-03-24 17:43:12
2020-03-24 17:43:13,748000.0,748001.0,2020-03-24 17:43:13
2020-03-24 17:43:14,748000.0,748001.0,2020-03-24 17:43:14
2020-03-24 17:43:15,748000.0,748001.0,2020-03-24 17:43:15
2020-03-24 17:43:17,747590.0,748369.0,2020-03-24 17:43:17
2020-03-24 17:43:18,747590.0,748369.0,2020-03-24 17:43:18
2020-03-24 17:43:19,747590.0,748369.0,2020-03-24 17:43:19
2020-03-24 17:43:20,747590.0,748369.0,2020-03-24 17:43:20
2020-03-24 17:43:21,747590.0,748369.0,2020-03-24 17:43:21
2020-03-24 17:43:22,747590.0,748369.0,2020-03-24 17:43:22
2020-03-24 17:43:23,747590.0,748369.0,2020-03-24 17:43:23
2020-03-24 17:43:24,747590.0,748369.0,2020-03-24 17:43:24
2020-03-24 17:43:25,747590.0,748369.0,2020-03-24 17:43:25
2020-03-24 17:43:26,747590.0,748369.0,2020-03-24 17:43:26
2020-03-24 17:43:27,747590.0,748369.0,2020-03-24 17:43:27
2020-03-24 17:43:28,747590.0,748369.0,2020-03-24 17:43:28
2020-03-24 17:43:29,747718.0,747845.0,2020-03-24 17:43:29
2020-03-24 17:43:31,747718.0,747845.0,2020-03-24 17:43:31
2020-03-24 17:43:32,747718.0,747845.0,2020-03-24 17:43:32
2020-03-24 17:43:33,747718.0,747845.0,2020-03-24 17:43:33
2020-03-24 17:43:34,747718.0,747845.0,2020-03-24 17:43:34
2020-03-24 17:43:35,747718.0,747845.0,2020-03-24 17:43:35
2020-03-24 17:43:36,746749.0,747559.0,2020-03-24 17:43:36
2020-03-24 17:43:37,746749.0,747559.0,2020-03-24 17:43:37
2020-03-24 17:43:38,746749.0,747559.0,2020-03-24 17:43:38
2020-03-24 17:43:39,746749.0,747559.0,2020-03-24 17:43:39
2020-03-24 17:43:40,746749.0,747559.0,2020-03-24 17:43:40
2020-03-24 17:43:41,746749.0,747559.0,2020-03-24 17:43:41
2020-03-24 17:43:42,746749.0,747559.0,2020-03-24 17:43:42
2020-03-24 17:43:44,746749.0,747559.0,2020-03-24 17:43:44
2020-03-24 17:43:45,746749.0,747559.0,2020-03-24 17:43:45
2020-03-24 17:43:46,746749.0,747559.0,2020-03-24 17:43:46
2020-03-24 17:43:47,746749.0,747559.0,2020-03-24 17:43:47
2020-03-24 17:43:48,746107.0,746749.0,2020-03-24 17:43:48
2020-03-24 17:43:49,746107.0,746749.0,2020-03-24 17:43:49
2020-03-24 17:43:50,746107.0,746749.0,2020-03-24 17:43:50
2020-03-24 17:43:51,746107.0,746749.0,2020-03-24 17:43:51
2020-03-24 17:43:52,746107.0,746749.0,2020-03-24 17:43:52
2020-03-24 17:43:53,746107.0,746749.0,2020-03-24 17:43:53
2020-03-24 17:43:54,746107.0,746749.0,2020-03-24 17:43:54
2020-03-24 17:43:56,746107.0,746749.0,2020-03-24 17:43:55
2020-03-24 17:43:57,746107.0,746749.0,2020-03-24 17:43:57
2020-03-24 17:43:58,746738.0,747404.0,2020-03-24 17:43:58
2020-03-24 17:43:59,746738.0,747404.0,2020-03-24 17:43:59
2020-03-24 17:44:00,746738.0,747404.0,2020-03-24 17:44:00
2020-03-24 17:44:01,746738.0,747404.0,2020-03-24 17:44:01
2020-03-24 17:44:02,746738.0,747404.0,2020-03-24 17:44:02
2020-03-24 17:44:03,746738.0,747404.0,2020-03-24 17:44:03
2020-03-24 17:44:04,746738.0,747404.0,2020-03-24 17:44:04
2020-03-24 17:44:05,746738.0,747404.0,2020-03-24 17:44:05
2020-03-24 17:44:06,746738.0,747404.0,2020-03-24 17:44:06
2020-03-24 17:44:08,748096.0,748674.0,2020-03-24 17:44:08
2020-03-24 17:44:09,748096.0,748674.0,2020-03-24 17:44:09
2020-03-24 17:44:10,748096.0,748674.0,2020-03-24 17:44:10
2020-03-24 17:44:11,748096.0,748674.0,2020-03-24 17:44:11
2020-03-24 17:44:12,748096.0,748674.0,2020-03-24 17:44:12
2020-03-24 17:44:13,748096.0,748674.0,2020-03-24 17:44:13
2020-03-24 17:44:14,748096.0,748674.0,2020-03-24 17:44:14
2020-03-24 17:44:15,748096.0,748674.0,2020-03-24 17:44:15
2020-03-24 17:44:16,747404.0,747623.0,2020-03-24 17:44:16
2020-03-24 17:44:17,747404.0,747623.0,2020-03-24 17:44:17
2020-03-24 17:44:18,747404.0,747623.0,2020-03-24 17:44:18
2020-03-24 17:44:19,747404.0,747623.0,2020-03-24 17:44:19
2020-03-24 17:44:21,747404.0,747623.0,2020-03-24 17:44:20
2020-03-24 17:44:22,747404.0,747623.0,2020-03-24 17:44:22
2020-03-24 17:44:23,747404.0,747623.0,2020-03-24 17:44:23
2020-03-24 17:44:24,747404.0,747623.0,2020-03-24 17:44:24
2020-03-24 17:44:25,747404.0,747623.0,2020-03-24 17:44:25
2020-03-24 17:44:26,747404.0,747623.0,2020-03-24 17:44:26
2020-03-24 17:44:27,746738.0,747270.0,2020-03-24 17:44:27
2020-03-24 17:44:28,746738.0,747270.0,2020-03-24 17:44:28
2020-03-24 17:44:29,746738.0,747270.0,2020-03-24 17:44:29
2020-03-24 17:44:30,746738.0,747270.0,2020-03-24 17:44:30
2020-03-24 17:44:31,746738.0,747270.0,2020-03-24 17:44:31
2020-03-24 17:44:33,746738.0,747270.0,2020-03-24 17:44:33
2020-03-24 17:44:34,746738.0,747270.0,2020-03-24 17:44:34
2020-03-24 17:44:35,746738.0,747270.0,2020-03-24 17:44:35
2020-03-24 17:44:36,746738.0,747270.0,2020-03-24 17:44:36
2020-03-24 17:44:37,746738.0,747270.0,2020-03-24 17:44:37
2020-03-24 17:44:38,745242.0,745509.0,2020-03-24 17:44:38
2020-03-24 17:44:39,745242.0,745509.0,2020-03-24 17:44:39
2020-03-24 17:44:40,745242.0,745509.0,2020-03-24 17:44:40
2020-03-24 17:44:41,745242.0,745509.0,2020-03-24 17:44:41
2020-03-24 17:44:42,745242.0,745509.0,2020-03-24 17:44:42
2020-03-24 17:44:43,745242.0,745509.0,2020-03-24 17:44:43
2020-03-24 17:44:44,745242.0,745509.0,2020-03-24 17:44:44
2020-03-24 17:44:46,745242.0,745509.0,2020-03-24 17:44:46
2020-03-24 17:44:47,745242.0,745509.0,2020-03-24 17:44:47
2020-03-24 17:44:48,745523.0,745844.0,2020-03-24 17:44:48
2020-03-24 17:44:49,745523.0,745844.0,2020-03-24 17:44:49
2020-03-24 17:44:50,745523.0,745844.0,2020-03-24 17:44:50
2020-03-24 17:44:51,745523.0,745844.0,2020-03-24 17:44:51
2020-03-24 17:44:52,745523.0,745844.0,2020-03-24 17:44:52
2020-03-24 17:44:53,745523.0,745844.0,2020-03-24 17:44:53
2020-03-24 17:44:54,745523.0,745844.0,2020-03-24 17:44:54
2020-03-24 17:44:55,745523.0,745844.0,2020-03-24 17:44:55
2020-03-24 17:44:56,745523.0,745844.0,2020-03-24 17:44:56
2020-03-24 17:44:57,745523.0,745844.0,2020-03-24 17:44:57
2020-03-24 17:44:58,745523.0,745844.0,2020-03-24 17:44:58
2020-03-24 17:45:00,745313.0,745656.0,2020-03-24 17:45:00
2020-03-24 17:45:01,745313.0,745656.0,2020-03-24 17:45:01
2020-03-24 17:45:02,745313.0,745656.0,2020-03-24 17:45:02
2020-03-24 17:45:03,745313.0,745656.0,2020-03-24 17:45:03
2020-03-24 17:45:04,745313.0,745656.0,2020-03-24 17:45:04
2020-03-24 17:45:05,745313.0,745656.0,2020-03-24 17:45:05
2020-03-24 17:45:06,744193.0,744207.0,2020-03-24 17:45:06
2020-03-24 17:45:07,744193.0,744207.0,2020-03-24 17:45:07
2020-03-24 17:45:08,744193.0,744207.0,2020-03-24 17:45:08
2020-03-24 17:45:09,744193.0,744207.0,2020-03-24 17:45:09
2020-03-24 17:45:10,744193.0,744207.0,2020-03-24 17:45:10
2020-03-24 17:45:12,744193.0,744207.0,2020-03-24 17:45:12
2020-03-24 17:45:13,744193.0,744207.0,2020-03-24 17:45:13
2020-03-24 17:45:14,744193.0,744207.0,2020-03-24 17:45:14
2020-03-24 17:45:15,744193.0,744207.0,2020-03-24 17:45:15
2020-03-24 17:45:16,744193.0,744207.0,2020-03-24 17:45:16
2020-03-24 17:45:17,744193.0,744207.0,2020-03-24 17:45:17
2020-03-24 17:45:18,744193.0,744207.0,2020-03-24 17:45:18
2020-03-24 17:45:19,744193.0,744207.0,2020-03-24 17:45:19
2020-03-24 17:45:20,744189.0,745132.0,2020-03-24 17:45:20
2020-03-24 17:45:21,744189.0,745132.0,2020-03-24 17:45:21
2020-03-24 17:45:22,744189.0,745132.0,2020-03-24 17:45:22
2020-03-24 17:45:23,744189.0,745132.0,2020-03-24 17:45:23
2020-03-24 17:45:24,744189.0,745132.0,2020-03-24 17:45:24
2020-03-24 17:45:25,744189.0,745132.0,2020-03-24 17:45:25
2020-03-24 17:45:27,744211.0,745018.0,2020-03-24 17:45:27
2020-03-24 17:45:28,744211.0,745018.0,2020-03-24 17:45:28
2020-03-24 17:45:29,744211.0,745018.0,2020-03-24 17:45:29
2020-03-24 17:45:30,744211.0,745018.0,2020-03-24 17:45:30
2020-03-24 17:45:31,744211.0,745018.0,2020-03-24 17:45:31
2020-03-24 17:45:32,744211.0,745018.0,2020-03-24 17:45:32
2020-03-24 17:45:33,744211.0,745018.0,2020-03-24 17:45:33
2020-03-24 17:45:34,744211.0,745018.0,2020-03-24 17:45:34
2020-03-24 17:45:35,744211.0,745018.0,2020-03-24 17:45:35
2020-03-24 17:45:36,744828.0,745918.0,2020-03-24 17:45:36
2020-03-24 17:45:37,744828.0,745918.0,2020-03-24 17:45:37
2020-03-24 17:45:39,744828.0,745918.0,2020-03-24 17:45:39
2020-03-24 17:45:40,744828.0,745918.0,2020-03-24 17:45:40
2020-03-24 17:45:41,744828.0,745918.0,2020-03-24 17:45:41
2020-03-24 17:45:42,744828.0,745918.0,2020-03-24 17:45:42
2020-03-24 17:45:43,744828.0,745918.0,2020-03-24 17:45:43
2020-03-24 17:45:44,744828.0,745918.0,2020-03-24 17:45:44
2020-03-24 17:45:45,744828.0,745918.0,2020-03-24 17:45:45
2020-03-24 17:45:46,744828.0,745918.0,2020-03-24 17:45:46
2020-03-24 17:45:47,745337.0,745657.0,2020-03-24 17:45:47
2020-03-24 17:45:48,745337.0,745657.0,2020-03-24 17:45:48
2020-03-24 17:45:49,745337.0,745657.0,2020-03-24 17:45:49
2020-03-24 17:45:50,745337.0,745657.0,2020-03-24 17:45:50
2020-03-24 17:45:51,745337.0,745657.0,2020-03-24 17:45:51
2020-03-24 17:45:53,745337.0,745657.0,2020-03-24 17:45:53
2020-03-24 17:45:54,745337.0,745657.0,2020-03-24 17:45:54
2020-03-24 17:45:55,745337.0,745657.0,2020-03-24 17:45:55
2020-03-24 17:45:56,745337.0,745657.0,2020-03-24 17:45:56
2020-03-24 17:45:57,745790.0,746513.0,2020-03-24 17:45:57
2020-03-24 17:45:58,745790.0,746513.0,2020-03-24 17:45:58
2020-03-24 17:45:59,745790.0,746513.0,2020-03-24 17:45:59
2020-03-24 17:46:00,745790.0,746513.0,2020-03-24 17:46:00
2020-03-24 17:46:01,745790.0,746513.0,2020-03-24 17:46:01
2020-03-24 17:46:02,745790.0,746513.0,2020-03-24 17:46:02
2020-03-24 17:46:03,745790.0,746513.0,2020-03-24 17:46:03
2020-03-24 17:46:04,745790.0,746513.0,2020-03-24 17:46:04
2020-03-24 17:46:05,745966.0,746800.0,2020-03-24 17:46:05
2020-03-24 17:46:07,745966.0,746800.0,2020-03-24 17:46:06
2020-03-24 17:46:08,745966.0,746800.0,2020-03-24 17:46:08
2020-03-24 17:46:09,745966.0,746800.0,2020-03-24 17:46:09
2020-03-24 17:46:10,745966.0,746800.0,2020-03-24 17:46:10
2020-03-24 17:46:11,745966.0,746800.0,2020-03-24 17:46:11
2020-03-24 17:46:12,745966.0,746800.0,2020-03-24 17:46:12
2020-03-24 17:46:13,745966.0,746800.0,2020-03-24 17:46:13
2020-03-24 17:46:14,745966.0,746800.0,2020-03-24 17:46:14
2020-03-24 17:46:15,746306.0,746994.0,2020-03-24 17:46:15
2020-03-24 17:46:16,746306.0,746994.0,2020-03-24 17:46:16
2020-03-24 17:46:17,746306.0,746994.0,2020-03-24 17:46:17
2020-03-24 17:46:18,746306.0,746994.0,2020-03-24 17:46:18
2020-03-24 17:46:19,746306.0,746994.0,2020-03-24 17:46:19
2020-03-24 17:46:20,746306.0,746994.0,2020-03-24 17:46:20
2020-03-24 17:46:22,746306.0,746994.0,2020-03-24 17:46:22
2020-03-24 17:46:23,746306.0,746994.0,2020-03-24 17:46:23
2020-03-24 17:46:24,746306.0,746994.0,2020-03-24 17:46:24
2020-03-24 17:46:25,746306.0,746994.0,2020-03-24 17:46:25
2020-03-24 17:46:26,746306.0,746994.0,2020-03-24 17:46:26
2020-03-24 17:46:27,746306.0,746994.0,2020-03-24 17:46:27
2020-03-24 17:46:28,746306.0,746994.0,2020-03-24 17:46:28
2020-03-24 17:46:29,746306.0,746994.0,2020-03-24 17:46:29
2020-03-24 17:46:30,744600.0,744945.0,2020-03-24 17:46:30
2020-03-24 17:46:31,744600.0,744945.0,2020-03-24 17:46:31
2020-03-24 17:46:32,744600.0,744945.0,2020-03-24 17:46:32
2020-03-24 17:46:33,744600.0,744945.0,2020-03-24 17:46:33
2020-03-24 17:46:35,744600.0,744945.0,2020-03-24 17:46:35
2020-03-24 17:46:36,744625.0,745279.0,2020-03-24 17:46:36
2020-03-24 17:46:37,744625.0,745279.0,2020-03-24 17:46:37
2020-03-24 17:46:38,744625.0,745279.0,2020-03-24 17:46:38
2020-03-24 17:46:39,744625.0,745279.0,2020-03-24 17:46:39
2020-03-24 17:46:40,744625.0,745279.0,2020-03-24 17:46:40
2020-03-24 17:46:41,744625.0,745279.0,2020-03-24 17:46:41
2020-03-24 17:46:42,744625.0,745279.0,2020-03-24 17:46:42
2020-03-24 17:46:43,744625.0,745279.0,2020-03-24 17:46:43
2020-03-24 17:46:44,744625.0,745279.0,2020-03-24 17:46:44
2020-03-24 17:46:45,744625.0,745279.0,2020-03-24 17:46:45
2020-03-24 17:46:46,744894.0,745469.0,2020-03-24 17:46:46
2020-03-24 17:46:47,744894.0,745469.0,2020-03-24 17:46:47
2020-03-24 17:46:49,744894.0,745469.0,2020-03-24 17:46:49
2020-03-24 17:46:50,744894.0,745469.0,2020-03-24 17:46:50
2020-03-24 17:46:51,744894.0,745469.0,2020-03-24 17:46:51
2020-03-24 17:46:52,744894.0,745469.0,2020-03-24 17:46:52
2020-03-24 17:46:53,744894.0,745469.0,2020-03-24 17:46:53
2020-03-24 17:46:54,744894.0,745469.0,2020-03-24 17:46:54
2020-03-24 17:46:55,744894.0,745469.0,2020-03-24 17:46:55
2020-03-24 17:46:56,744894.0,745469.0,2020-03-24 17:46:56
2020-03-24 17:46:57,744894.0,745469.0,2020-03-24 17:46:57
2020-03-24 17:46:58,745039.0,745246.0,2020-03-24 17:46:58
2020-03-24 17:47:00,745039.0,745246.0,2020-03-24 17:47:00
2020-03-24 17:47:01,745039.0,745246.0,2020-03-24 17:47:01
2020-03-24 17:47:02,745039.0,745246.0,2020-03-24 17:47:02
2020-03-24 17:47:03,745039.0,745246.0,2020-03-24 17:47:03
2020-03-24 17:47:04,745039.0,745246.0,2020-03-24 17:47:04
2020-03-24 17:47:05,744631.0,745224.0,2020-03-24 17:47:05
2020-03-24 17:47:06,744631.0,745224.0,2020-03-24 17:47:06
2020-03-24 17:47:07,744631.0,745224.0,2020-03-24 17:47:07
2020-03-24 17:47:08,744631.0,745224.0,2020-03-24 17:47:08
2020-03-24 17:47:10,744631.0,745224.0,2020-03-24 17:47:10
2020-03-24 17:47:11,744631.0,745224.0,2020-03-24 17:47:11
2020-03-24 17:47:12,744631.0,745224.0,2020-03-24 17:47:12
2020-03-24 17:47:13,744631.0,745224.0,2020-03-24 17:47:13
2020-03-24 17:47:14,744631.0,745224.0,2020-03-24 17:47:14
2020-03-24 17:47:15,744631.0,745224.0,2020-03-24 17:47:15
2020-03-24 17:47:16,744001.0,744082.0,2020-03-24 17:47:16
2020-03-24 17:47:17,744001.0,744082.0,2020-03-24 17:47:17
2020-03-24 17:47:18,744001.0,744082.0,2020-03-24 17:47:18
2020-03-24 17:47:19,744001.0,744082.0,2020-03-24 17:47:19
2020-03-24 17:47:20,744001.0,744082.0,2020-03-24 17:47:20
2020-03-24 17:47:21,744001.0,744082.0,2020-03-24 17:47:21
2020-03-24 17:47:23,744001.0,744082.0,2020-03-24 17:47:23
2020-03-24 17:47:24,744001.0,744082.0,2020-03-24 17:47:24
2020-03-24 17:47:25,744001.0,744082.0,2020-03-24 17:47:25
2020-03-24 17:47:26,744001.0,744082.0,2020-03-24 17:47:26
2020-03-24 17:47:27,744000.0,744193.0,2020-03-24 17:47:27
2020-03-24 17:47:28,744000.0,744193.0,2020-03-24 17:47:28
2020-03-24 17:47:29,744000.0,744193.0,2020-03-24 17:47:29
2020-03-24 17:47:30,744000.0,744193.0,2020-03-24 17:47:30
2020-03-24 17:47:32,744000.0,744193.0,2020-03-24 17:47:32
2020-03-24 17:47:33,744000.0,744193.0,2020-03-24 17:47:33
2020-03-24 17:47:34,744000.0,744193.0,2020-03-24 17:47:34
2020-03-24 17:47:35,744000.0,744193.0,2020-03-24 17:47:35
2020-03-24 17:47:36,744000.0,744193.0,2020-03-24 17:47:36
2020-03-24 17:47:37,744000.0,744193.0,2020-03-24 17:47:37
2020-03-24 17:47:39,743000.0,743174.0,2020-03-24 17:47:39
2020-03-24 17:47:40,743000.0,743174.0,2020-03-24 17:47:40
2020-03-24 17:47:41,743000.0,743174.0,2020-03-24 17:47:41
2020-03-24 17:47:42,743000.0,743174.0,2020-03-24 17:47:42
2020-03-24 17:47:43,743000.0,743174.0,2020-03-24 17:47:43
2020-03-24 17:47:44,743000.0,743174.0,2020-03-24 17:47:44
2020-03-24 17:47:45,743000.0,743174.0,2020-03-24 17:47:45
2020-03-24 17:47:46,742498.0,742517.0,2020-03-24 17:47:46
2020-03-24 17:47:48,742498.0,742517.0,2020-03-24 17:47:48
2020-03-24 17:47:49,742498.0,742517.0,2020-03-24 17:47:49
2020-03-24 17:47:50,742498.0,742517.0,2020-03-24 17:47:50
2020-03-24 17:47:51,742498.0,742517.0,2020-03-24 17:47:51
2020-03-24 17:47:52,742498.0,742517.0,2020-03-24 17:47:52
2020-03-24 17:47:53,742498.0,742517.0,2020-03-24 17:47:53
2020-03-24 17:47:55,742498.0,742517.0,2020-03-24 17:47:55
2020-03-24 17:47:56,742208.0,743044.0,2020-03-24 17:47:56
2020-03-24 17:47:57,742208.0,743044.0,2020-03-24 17:47:57
2020-03-24 17:47:58,742208.0,743044.0,2020-03-24 17:47:58
2020-03-24 17:47:59,742208.0,743044.0,2020-03-24 17:47:59
2020-03-24 17:48:00,742208.0,743044.0,2020-03-24 17:48:00
2020-03-24 17:48:01,742208.0,743044.0,2020-03-24 17:48:01
2020-03-24 17:48:02,742208.0,743044.0,2020-03-24 17:48:02
2020-03-24 17:48:03,742208.0,743044.0,2020-03-24 17:48:03
2020-03-24 17:48:04,742208.0,743044.0,2020-03-24 17:48:04
2020-03-24 17:48:05,742533.0,743378.0,2020-03-24 17:48:05
2020-03-24 17:48:06,742533.0,743378.0,2020-03-24 17:48:06
2020-03-24 17:48:07,742533.0,743378.0,2020-03-24 17:48:07
2020-03-24 17:48:09,742533.0,743378.0,2020-03-24 17:48:08
2020-03-24 17:48:10,742533.0,743378.0,2020-03-24 17:48:10
2020-03-24 17:48:11,742533.0,743378.0,2020-03-24 17:48:11
2020-03-24 17:48:12,742533.0,743378.0,2020-03-24 17:48:12
2020-03-24 17:48:13,742533.0,743378.0,2020-03-24 17:48:13
2020-03-24 17:48:14,742533.0,743378.0,2020-03-24 17:48:14
2020-03-24 17:48:15,743191.0,743689.0,2020-03-24 17:48:15
2020-03-24 17:48:16,743191.0,743689.0,2020-03-24 17:48:16
2020-03-24 17:48:17,743191.0,743689.0,2020-03-24 17:48:17
2020-03-24 17:48:18,743191.0,743689.0,2020-03-24 17:48:18
2020-03-24 17:48:19,743191.0,743689.0,2020-03-24 17:48:19
2020-03-24 17:48:20,743191.0,743689.0,2020-03-24 17:48:20
2020-03-24 17:48:21,743191.0,743689.0,2020-03-24 17:48:21
2020-03-24 17:48:23,743191.0,743689.0,2020-03-24 17:48:23
2020-03-24 17:48:24,743191.0,743689.0,2020-03-24 17:48:24
2020-03-24 17:48:25,743191.0,743689.0,2020-03-24 17:48:25
2020-03-24 17:48:26,743191.0,743689.0,2020-03-24 17:48:26
2020-03-24 17:48:27,742557.0,742827.0,2020-03-24 17:48:27
2020-03-24 17:48:28,742557.0,742827.0,2020-03-24 17:48:28
2020-03-24 17:48:29,742557.0,742827.0,2020-03-24 17:48:29
2020-03-24 17:48:30,742557.0,742827.0,2020-03-24 17:48:30
2020-03-24 17:48:31,742557.0,742827.0,2020-03-24 17:48:31
2020-03-24 17:48:32,742557.0,742827.0,2020-03-24 17:48:32
2020-03-24 17:48:33,742557.0,742827.0,2020-03-24 17:48:33
2020-03-24 17:48:34,742557.0,742827.0,2020-03-24 17:48:34
2020-03-24 17:48:35,742142.0,742915.0,2020-03-24 17:48:35
2020-03-24 17:48:36,742142.0,742915.0,2020-03-24 17:48:36
2020-03-24 17:48:37,742142.0,742915.0,2020-03-24 17:48:37
2020-03-24 17:48:39,742142.0,742915.0,2020-03-24 17:48:39
2020-03-24 17:48:40,742142.0,742915.0,2020-03-24 17:48:40
2020-03-24 17:48:41,742142.0,742915.0,2020-03-24 17:48:41
2020-03-24 17:48:42,742142.0,742915.0,2020-03-24 17:48:42
2020-03-24 17:48:43,742142.0,742915.0,2020-03-24 17:48:43
2020-03-24 17:48:44,742142.0,742915.0,2020-03-24 17:48:44
2020-03-24 17:48:45,742219.0,742637.0,2020-03-24 17:48:45
2020-03-24 17:48:46,742219.0,742637.0,2020-03-24 17:48:46
2020-03-24 17:48:47,742219.0,742637.0,2020-03-24 17:48:47
2020-03-24 17:48:48,742219.0,742637.0,2020-03-24 17:48:48
2020-03-24 17:48:49,742219.0,742637.0,2020-03-24 17:48:49
2020-03-24 17:48:50,742219.0,742637.0,2020-03-24 17:48:50
2020-03-24 17:48:51,742219.0,742637.0,2020-03-24 17:48:51
2020-03-24 17:48:52,742219.0,742637.0,2020-03-24 17:48:52
2020-03-24 17:48:54,742219.0,742637.0,2020-03-24 17:48:54
2020-03-24 17:48:55,742219.0,742637.0,2020-03-24 17:48:55
2020-03-24 17:48:56,742219.0,742637.0,2020-03-24 17:48:56
2020-03-24 17:48:57,742321.0,743000.0,2020-03-24 17:48:57
2020-03-24 17:48:58,742321.0,743000.0,2020-03-24 17:48:58
2020-03-24 17:48:59,742321.0,743000.0,2020-03-24 17:48:59
2020-03-24 17:49:00,742321.0,743000.0,2020-03-24 17:49:00
2020-03-24 17:49:01,742321.0,743000.0,2020-03-24 17:49:01
2020-03-24 17:49:02,742321.0,743000.0,2020-03-24 17:49:02
2020-03-24 17:49:03,742321.0,743000.0,2020-03-24 17:49:03
2020-03-24 17:49:04,742321.0,743000.0,2020-03-24 17:49:04
2020-03-24 17:49:06,741093.0,741987.0,2020-03-24 17:49:06
2020-03-24 17:49:07,741093.0,741987.0,2020-03-24 17:49:07
2020-03-24 17:49:08,741093.0,741987.0,2020-03-24 17:49:08
2020-03-24 17:49:09,741093.0,741987.0,2020-03-24 17:49:09
2020-03-24 17:49:10,741093.0,741987.0,2020-03-24 17:49:10
2020-03-24 17:49:11,741093.0,741987.0,2020-03-24 17:49:11
2020-03-24 17:49:12,741093.0,741987.0,2020-03-24 17:49:12
2020-03-24 17:49:13,741093.0,741987.0,2020-03-24 17:49:13
2020-03-24 17:49:14,741093.0,741987.0,2020-03-24 17:49:14
2020-03-24 17:49:15,741369.0,742400.0,2020-03-24 17:49:15
2020-03-24 17:49:16,741369.0,742400.0,2020-03-24 17:49:16
2020-03-24 17:49:17,741369.0,742400.0,2020-03-24 17:49:17
2020-03-24 17:49:18,741369.0,742400.0,2020-03-24 17:49:18
2020-03-24 17:49:20,741369.0,742400.0,2020-03-24 17:49:20
2020-03-24 17:49:21,741369.0,742400.0,2020-03-24 17:49:21
2020-03-24 17:49:22,741369.0,742400.0,2020-03-24 17:49:22
2020-03-24 17:49:23,741369.0,742400.0,2020-03-24 17:49:23
2020-03-24 17:49:24,741369.0,742400.0,2020-03-24 17:49:24
2020-03-24 17:49:25,743956.0,744090.0,2020-03-24 17:49:25
2020-03-24 17:49:26,743956.0,744090.0,2020-03-24 17:49:26
2020-03-24 17:49:27,743956.0,744090.0,2020-03-24 17:49:27
2020-03-24 17:49:28,743956.0,744090.0,2020-03-24 17:49:28
2020-03-24 17:49:29,743956.0,744090.0,2020-03-24 17:49:29
2020-03-24 17:49:30,743956.0,744090.0,2020-03-24 17:49:30
2020-03-24 17:49:31,743956.0,744090.0,2020-03-24 17:49:31
2020-03-24 17:49:33,743956.0,744090.0,2020-03-24 17:49:33
2020-03-24 17:49:34,743956.0,744090.0,2020-03-24 17:49:34
2020-03-24 17:49:35,743477.0,743846.0,2020-03-24 17:49:35
2020-03-24 17:49:36,743477.0,743846.0,2020-03-24 17:49:36
2020-03-24 17:49:37,743477.0,743846.0,2020-03-24 17:49:37
2020-03-24 17:49:38,743477.0,743846.0,2020-03-24 17:49:38
2020-03-24 17:49:39,743477.0,743846.0,2020-03-24 17:49:39
2020-03-24 17:49:40,743477.0,743846.0,2020-03-24 17:49:40
2020-03-24 17:49:41,743477.0,743846.0,2020-03-24 17:49:41
2020-03-24 17:49:42,743477.0,743846.0,2020-03-24 17:49:42
2020-03-24 17:49:44,743477.0,743846.0,2020-03-24 17:49:43
2020-03-24 17:49:45,743844.0,744276.0,2020-03-24 17:49:45
2020-03-24 17:49:46,743844.0,744276.0,2020-03-24 17:49:46
2020-03-24 17:49:47,743844.0,744276.0,2020-03-24 17:49:47
2020-03-24 17:49:48,743844.0,744276.0,2020-03-24 17:49:48
2020-03-24 17:49:49,743844.0,744276.0,2020-03-24 17:49:49
2020-03-24 17:49:50,743844.0,744276.0,2020-03-24 17:49:50
2020-03-24 17:49:51,743844.0,744276.0,2020-03-24 17:49:51
2020-03-24 17:49:52,743844.0,744276.0,2020-03-24 17:49:52
2020-03-24 17:49:53,743844.0,744276.0,2020-03-24 17:49:53
2020-03-24 17:49:54,743844.0,744276.0,2020-03-24 17:49:54
2020-03-24 17:49:55,743844.0,744276.0,2020-03-24 17:49:55
2020-03-24 17:49:56,743844.0,744276.0,2020-03-24 17:49:56
2020-03-24 17:49:58,743000.0,743829.0,2020-03-24 17:49:58
2020-03-24 17:49:59,743000.0,743829.0,2020-03-24 17:49:59
2020-03-24 17:50:00,743000.0,743829.0,2020-03-24 17:50:00
2020-03-24 17:50:01,743000.0,743829.0,2020-03-24 17:50:01
2020-03-24 17:50:02,743000.0,743829.0,2020-03-24 17:50:02
2020-03-24 17:50:03,743000.0,743829.0,2020-03-24 17:50:03
2020-03-24 17:50:04,743000.0,743829.0,2020-03-24 17:50:04
2020-03-24 17:50:05,743000.0,743829.0,2020-03-24 17:50:05
2020-03-24 17:50:06,742136.0,742894.0,2020-03-24 17:50:06
2020-03-24 17:50:07,742136.0,742894.0,2020-03-24 17:50:07
2020-03-24 17:50:09,742136.0,742894.0,2020-03-24 17:50:08
2020-03-24 17:50:10,742136.0,742894.0,2020-03-24 17:50:10
2020-03-24 17:50:11,742136.0,742894.0,2020-03-24 17:50:11
2020-03-24 17:50:12,742136.0,742894.0,2020-03-24 17:50:12
2020-03-24 17:50:13,742136.0,742894.0,2020-03-24 17:50:13
2020-03-24 17:50:14,742136.0,742894.0,2020-03-24 17:50:14
2020-03-24 17:50:15,742136.0,742894.0,2020-03-24 17:50:15
2020-03-24 17:50:16,742136.0,742894.0,2020-03-24 17:50:16
2020-03-24 17:50:17,742136.0,742894.0,2020-03-24 17:50:17
2020-03-24 17:50:18,742136.0,742894.0,2020-03-24 17:50:18
2020-03-24 17:50:19,742136.0,742894.0,2020-03-24 17:50:19
2020-03-24 17:50:20,742136.0,742894.0,2020-03-24 17:50:20
2020-03-24 17:50:21,742215.0,742976.0,2020-03-24 17:50:21
2020-03-24 17:50:23,742215.0,742976.0,2020-03-24 17:50:23
2020-03-24 17:50:24,742215.0,742976.0,2020-03-24 17:50:24
2020-03-24 17:50:25,742215.0,742976.0,2020-03-24 17:50:25
2020-03-24 17:50:26,742215.0,742976.0,2020-03-24 17:50:26
2020-03-24 17:50:27,742215.0,742976.0,2020-03-24 17:50:27
2020-03-24 17:50:28,742547.0,743440.0,2020-03-24 17:50:28
2020-03-24 17:50:29,742547.0,743440.0,2020-03-24 17:50:29
2020-03-24 17:50:30,742547.0,743440.0,2020-03-24 17:50:30
2020-03-24 17:50:31,742547.0,743440.0,2020-03-24 17:50:31
2020-03-24 17:50:32,742547.0,743440.0,2020-03-24 17:50:32
2020-03-24 17:50:33,742547.0,743440.0,2020-03-24 17:50:33
2020-03-24 17:50:34,742547.0,743440.0,2020-03-24 17:50:34
2020-03-24 17:50:36,742547.0,743440.0,2020-03-24 17:50:36
2020-03-24 17:50:37,743719.0,743999.0,2020-03-24 17:50:37
2020-03-24 17:50:38,743719.0,743999.0,2020-03-24 17:50:38
2020-03-24 17:50:39,743719.0,743999.0,2020-03-24 17:50:39
2020-03-24 17:50:40,743719.0,743999.0,2020-03-24 17:50:40
2020-03-24 17:50:41,743719.0,743999.0,2020-03-24 17:50:41
2020-03-24 17:50:42,743719.0,743999.0,2020-03-24 17:50:42
2020-03-24 17:50:43,743719.0,743999.0,2020-03-24 17:50:43
2020-03-24 17:50:44,743719.0,743999.0,2020-03-24 17:50:44
2020-03-24 17:50:45,743719.0,743999.0,2020-03-24 17:50:45
2020-03-24 17:50:46,743719.0,743999.0,2020-03-24 17:50:46
2020-03-24 17:50:48,743719.0,743999.0,2020-03-24 17:50:48
2020-03-24 17:50:49,743719.0,743999.0,2020-03-24 17:50:49
2020-03-24 17:50:50,743598.0,743994.0,2020-03-24 17:50:50
2020-03-24 17:50:51,743598.0,743994.0,2020-03-24 17:50:51
2020-03-24 17:50:52,743598.0,743994.0,2020-03-24 17:50:52
2020-03-24 17:50:53,743598.0,743994.0,2020-03-24 17:50:53
2020-03-24 17:50:54,743598.0,743994.0,2020-03-24 17:50:54
2020-03-24 17:50:55,743598.0,743994.0,2020-03-24 17:50:55
2020-03-24 17:50:56,743598.0,743994.0,2020-03-24 17:50:56
2020-03-24 17:50:57,743148.0,743974.0,2020-03-24 17:50:57
2020-03-24 17:50:59,743148.0,743974.0,2020-03-24 17:50:59
2020-03-24 17:51:00,743148.0,743974.0,2020-03-24 17:51:00
2020-03-24 17:51:01,743148.0,743974.0,2020-03-24 17:51:01
2020-03-24 17:51:02,743148.0,743974.0,2020-03-24 17:51:02
2020-03-24 17:51:03,743148.0,743974.0,2020-03-24 17:51:03
2020-03-24 17:51:04,743148.0,743974.0,2020-03-24 17:51:04
2020-03-24 17:51:05,742903.0,743320.0,2020-03-24 17:51:05
2020-03-24 17:51:06,742903.0,743320.0,2020-03-24 17:51:06
2020-03-24 17:51:07,742903.0,743320.0,2020-03-24 17:51:07
2020-03-24 17:51:08,742903.0,743320.0,2020-03-24 17:51:08
2020-03-24 17:51:10,742903.0,743320.0,2020-03-24 17:51:10
2020-03-24 17:51:11,742903.0,743320.0,2020-03-24 17:51:11
2020-03-24 17:51:12,742903.0,743320.0,2020-03-24 17:51:12
2020-03-24 17:51:13,742903.0,743320.0,2020-03-24 17:51:13
2020-03-24 17:51:14,742903.0,743320.0,2020-03-24 17:51:14
2020-03-24 17:51:15,742903.0,743320.0,2020-03-24 17:51:15
2020-03-24 17:51:16,743129.0,743557.0,2020-03-24 17:51:16
2020-03-24 17:51:17,743129.0,743557.0,2020-03-24 17:51:17
2020-03-24 17:51:18,743129.0,743557.0,2020-03-24 17:51:18
2020-03-24 17:51:19,743129.0,743557.0,2020-03-24 17:51:19
2020-03-24 17:51:20,743129.0,743557.0,2020-03-24 17:51:20
2020-03-24 17:51:21,743129.0,743557.0,2020-03-24 17:51:21
2020-03-24 17:51:22,743129.0,743557.0,2020-03-24 17:51:22
2020-03-24 17:51:24,743129.0,743557.0,2020-03-24 17:51:24
2020-03-24 17:51:25,743129.0,743557.0,2020-03-24 17:51:25
2020-03-24 17:51:26,743641.0,744000.0,2020-03-24 17:51:26
2020-03-24 17:51:27,743641.0,744000.0,2020-03-24 17:51:27
2020-03-24 17:51:28,743641.0,744000.0,2020-03-24 17:51:28
2020-03-24 17:51:29,743641.0,744000.0,2020-03-24 17:51:29
2020-03-24 17:51:30,743641.0,744000.0,2020-03-24 17:51:30
2020-03-24 17:51:31,743641.0,744000.0,2020-03-24 17:51:31
2020-03-24 17:51:32,743641.0,744000.0,2020-03-24 17:51:32
2020-03-24 17:51:33,743641.0,744000.0,2020-03-24 17:51:33
2020-03-24 17:51:35,743641.0,744000.0,2020-03-24 17:51:35
2020-03-24 17:51:36,743641.0,744000.0,2020-03-24 17:51:36
2020-03-24 17:51:37,745392.0,745812.0,2020-03-24 17:51:37
2020-03-24 17:51:38,745392.0,745812.0,2020-03-24 17:51:38
2020-03-24 17:51:39,745392.0,745812.0,2020-03-24 17:51:39
2020-03-24 17:51:40,745392.0,745812.0,2020-03-24 17:51:40
2020-03-24 17:51:41,745392.0,745812.0,2020-03-24 17:51:41
2020-03-24 17:51:42,745392.0,745812.0,2020-03-24 17:51:42
2020-03-24 17:51:43,745392.0,745812.0,2020-03-24 17:51:43
2020-03-24 17:51:44,745392.0,745812.0,2020-03-24 17:51:44
2020-03-24 17:51:45,745392.0,745812.0,2020-03-24 17:51:45
2020-03-24 17:51:47,745063.0,745452.0,2020-03-24 17:51:46
2020-03-24 17:51:48,745063.0,745452.0,2020-03-24 17:51:48
2020-03-24 17:51:49,745063.0,745452.0,2020-03-24 17:51:49
2020-03-24 17:51:50,745063.0,745452.0,2020-03-24 17:51:50
2020-03-24 17:51:51,745063.0,745452.0,2020-03-24 17:51:51
2020-03-24 17:51:52,745063.0,745452.0,2020-03-24 17:51:52
2020-03-24 17:51:53,745063.0,745452.0,2020-03-24 17:51:53
2020-03-24 17:51:54,745063.0,745452.0,2020-03-24 17:51:54
2020-03-24 17:51:55,745063.0,745452.0,2020-03-24 17:51:55
2020-03-24 17:51:56,745119.0,745634.0,2020-03-24 17:51:56
2020-03-24 17:51:57,745119.0,745634.0,2020-03-24 17:51:57
2020-03-24 17:51:59,745119.0,745634.0,2020-03-24 17:51:59
2020-03-24 17:52:00,745119.0,745634.0,2020-03-24 17:52:00
2020-03-24 17:52:01,745119.0,745634.0,2020-03-24 17:52:01
2020-03-24 17:52:02,745119.0,745634.0,2020-03-24 17:52:02
2020-03-24 17:52:03,745119.0,745634.0,2020-03-24 17:52:03
2020-03-24 17:52:04,745119.0,745634.0,2020-03-24 17:52:04
2020-03-24 17:52:05,745119.0,745634.0,2020-03-24 17:52:05
2020-03-24 17:52:06,745119.0,745634.0,2020-03-24 17:52:06
2020-03-24 17:52:07,744951.0,745539.0,2020-03-24 17:52:07
2020-03-24 17:52:08,744951.0,745539.0,2020-03-24 17:52:08
2020-03-24 17:52:10,744951.0,745539.0,2020-03-24 17:52:09
2020-03-24 17:52:11,744951.0,745539.0,2020-03-24 17:52:11
2020-03-24 17:52:12,744951.0,745539.0,2020-03-24 17:52:12
2020-03-24 17:52:13,744951.0,745539.0,2020-03-24 17:52:13
2020-03-24 17:52:14,744951.0,745539.0,2020-03-24 17:52:14
2020-03-24 17:52:15,744951.0,745539.0,2020-03-24 17:52:15
2020-03-24 17:52:16,744951.0,745539.0,2020-03-24 17:52:16
2020-03-24 17:52:17,744951.0,745539.0,2020-03-24 17:52:17
2020-03-24 17:52:18,744951.0,745539.0,2020-03-24 17:52:18
2020-03-24 17:52:19,744951.0,745539.0,2020-03-24 17:52:19
2020-03-24 17:52:20,745000.0,745552.0,2020-03-24 17:52:20
2020-03-24 17:52:21,745000.0,745552.0,2020-03-24 17:52:21
2020-03-24 17:52:22,745000.0,745552.0,2020-03-24 17:52:22
2020-03-24 17:52:24,745000.0,745552.0,2020-03-24 17:52:24
2020-03-24 17:52:25,745000.0,745552.0,2020-03-24 17:52:25
2020-03-24 17:52:26,745000.0,745552.0,2020-03-24 17:52:26
2020-03-24 17:52:27,745000.0,745552.0,2020-03-24 17:52:27
2020-03-24 17:52:28,745000.0,745552.0,2020-03-24 17:52:28
2020-03-24 17:52:29,745000.0,745552.0,2020-03-24 17:52:29
2020-03-24 17:52:30,745000.0,745552.0,2020-03-24 17:52:30
2020-03-24 17:52:31,744463.0,745126.0,2020-03-24 17:52:31
2020-03-24 17:52:32,744463.0,745126.0,2020-03-24 17:52:32
2020-03-24 17:52:33,744463.0,745126.0,2020-03-24 17:52:33
2020-03-24 17:52:34,744463.0,745126.0,2020-03-24 17:52:34
2020-03-24 17:52:36,744463.0,745126.0,2020-03-24 17:52:35
2020-03-24 17:52:37,744467.0,744962.0,2020-03-24 17:52:37
2020-03-24 17:52:38,744467.0,744962.0,2020-03-24 17:52:38
2020-03-24 17:52:39,744467.0,744962.0,2020-03-24 17:52:39
2020-03-24 17:52:40,744467.0,744962.0,2020-03-24 17:52:40
2020-03-24 17:52:41,744467.0,744962.0,2020-03-24 17:52:41
2020-03-24 17:52:42,744467.0,744962.0,2020-03-24 17:52:42
2020-03-24 17:52:43,744467.0,744962.0,2020-03-24 17:52:43
2020-03-24 17:52:44,744467.0,744962.0,2020-03-24 17:52:44
2020-03-24 17:52:45,744467.0,744962.0,2020-03-24 17:52:45
2020-03-24 17:52:47,744467.0,744962.0,2020-03-24 17:52:47
2020-03-24 17:52:48,743456.0,743972.0,2020-03-24 17:52:48
2020-03-24 17:52:49,743456.0,743972.0,2020-03-24 17:52:49
2020-03-24 17:52:50,743456.0,743972.0,2020-03-24 17:52:50
2020-03-24 17:52:51,743456.0,743972.0,2020-03-24 17:52:51
2020-03-24 17:52:53,743456.0,743972.0,2020-03-24 17:52:53
2020-03-24 17:52:54,743456.0,743972.0,2020-03-24 17:52:54
2020-03-24 17:52:55,743456.0,743972.0,2020-03-24 17:52:55
2020-03-24 17:52:56,743456.0,743972.0,2020-03-24 17:52:56
2020-03-24 17:52:57,742150.0,742989.0,2020-03-24 17:52:57
2020-03-24 17:52:58,742150.0,742989.0,2020-03-24 17:52:58
2020-03-24 17:52:59,742150.0,742989.0,2020-03-24 17:52:59
2020-03-24 17:53:00,742150.0,742989.0,2020-03-24 17:53:00
2020-03-24 17:53:01,742150.0,742989.0,2020-03-24 17:53:01
2020-03-24 17:53:02,742150.0,742989.0,2020-03-24 17:53:02
2020-03-24 17:53:04,742150.0,742989.0,2020-03-24 17:53:04
2020-03-24 17:53:05,742965.0,743613.0,2020-03-24 17:53:05
2020-03-24 17:53:06,742965.0,743613.0,2020-03-24 17:53:06
2020-03-24 17:53:07,742965.0,743613.0,2020-03-24 17:53:07
2020-03-24 17:53:08,742965.0,743613.0,2020-03-24 17:53:08
2020-03-24 17:53:09,742965.0,743613.0,2020-03-24 17:53:09
2020-03-24 17:53:11,742965.0,743613.0,2020-03-24 17:53:11
2020-03-24 17:53:12,742965.0,743613.0,2020-03-24 17:53:12
2020-03-24 17:53:13,742965.0,743613.0,2020-03-24 17:53:13
2020-03-24 17:53:14,742965.0,743613.0,2020-03-24 17:53:14
2020-03-24 17:53:15,742965.0,743613.0,2020-03-24 17:53:15
2020-03-24 17:53:16,743700.0,744108.0,2020-03-24 17:53:16
2020-03-24 17:53:17,743700.0,744108.0,2020-03-24 17:53:17
2020-03-24 17:53:18,743700.0,744108.0,2020-03-24 17:53:18
2020-03-24 17:53:19,743700.0,744108.0,2020-03-24 17:53:19
2020-03-24 17:53:20,743700.0,744108.0,2020-03-24 17:53:20
2020-03-24 17:53:21,743700.0,744108.0,2020-03-24 17:53:21
2020-03-24 17:53:23,743700.0,744108.0,2020-03-24 17:53:23
2020-03-24 17:53:24,743700.0,744108.0,2020-03-24 17:53:24
2020-03-24 17:53:25,743700.0,744108.0,2020-03-24 17:53:25
2020-03-24 17:53:26,743700.0,744108.0,2020-03-24 17:53:26
2020-03-24 17:53:27,743619.0,744131.0,2020-03-24 17:53:27
2020-03-24 17:53:28,743619.0,744131.0,2020-03-24 17:53:28
2020-03-24 17:53:29,743619.0,744131.0,2020-03-24 17:53:29
2020-03-24 17:53:30,743619.0,744131.0,2020-03-24 17:53:30
2020-03-24 17:53:31,743619.0,744131.0,2020-03-24 17:53:31
2020-03-24 17:53:32,743619.0,744131.0,2020-03-24 17:53:32
2020-03-24 17:53:33,743619.0,744131.0,2020-03-24 17:53:33
2020-03-24 17:53:34,743619.0,744131.0,2020-03-24 17:53:34
2020-03-24 17:53:36,743783.0,744331.0,2020-03-24 17:53:35
2020-03-24 17:53:37,743783.0,744331.0,2020-03-24 17:53:37
2020-03-24 17:53:38,743783.0,744331.0,2020-03-24 17:53:38
2020-03-24 17:53:39,743783.0,744331.0,2020-03-24 17:53:39
2020-03-24 17:53:40,743783.0,744331.0,2020-03-24 17:53:40
2020-03-24 17:53:41,743783.0,744331.0,2020-03-24 17:53:41
2020-03-24 17:53:42,743783.0,744331.0,2020-03-24 17:53:42
2020-03-24 17:53:43,743783.0,744331.0,2020-03-24 17:53:43
2020-03-24 17:53:44,743783.0,744331.0,2020-03-24 17:53:44
2020-03-24 17:53:45,743693.0,744258.0,2020-03-24 17:53:45
2020-03-24 17:53:46,743693.0,744258.0,2020-03-24 17:53:46
2020-03-24 17:53:48,743693.0,744258.0,2020-03-24 17:53:48
2020-03-24 17:53:49,743693.0,744258.0,2020-03-24 17:53:49
2020-03-24 17:53:50,743693.0,744258.0,2020-03-24 17:53:50
2020-03-24 17:53:51,743693.0,744258.0,2020-03-24 17:53:51
2020-03-24 17:53:52,743693.0,744258.0,2020-03-24 17:53:52
2020-03-24 17:53:53,743693.0,744258.0,2020-03-24 17:53:53
2020-03-24 17:53:54,743693.0,744258.0,2020-03-24 17:53:54
2020-03-24 17:53:55,743541.0,744050.0,2020-03-24 17:53:55
2020-03-24 17:53:56,743541.0,744050.0,2020-03-24 17:53:56
2020-03-24 17:53:57,743541.0,744050.0,2020-03-24 17:53:57
2020-03-24 17:53:58,743541.0,744050.0,2020-03-24 17:53:58
2020-03-24 17:53:59,743541.0,744050.0,2020-03-24 17:53:59
2020-03-24 17:54:01,743541.0,744050.0,2020-03-24 17:54:01
2020-03-24 17:54:02,743541.0,744050.0,2020-03-24 17:54:02
2020-03-24 17:54:03,743541.0,744050.0,2020-03-24 17:54:03
2020-03-24 17:54:04,743541.0,744050.0,2020-03-24 17:54:04
2020-03-24 17:54:05,743541.0,744050.0,2020-03-24 17:54:05
2020-03-24 17:54:06,743916.0,744416.0,2020-03-24 17:54:06
2020-03-24 17:54:07,743916.0,744416.0,2020-03-24 17:54:07
2020-03-24 17:54:08,743916.0,744416.0,2020-03-24 17:54:08
2020-03-24 17:54:09,743916.0,744416.0,2020-03-24 17:54:09
2020-03-24 17:54:10,743916.0,744416.0,2020-03-24 17:54:10
2020-03-24 17:54:11,743916.0,744416.0,2020-03-24 17:54:11
2020-03-24 17:54:13,743916.0,744416.0,2020-03-24 17:54:12
2020-03-24 17:54:14,743916.0,744416.0,2020-03-24 17:54:14
2020-03-24 17:54:15,743916.0,744416.0,2020-03-24 17:54:15
2020-03-24 17:54:16,743916.0,744416.0,2020-03-24 17:54:16
2020-03-24 17:54:17,743916.0,744416.0,2020-03-24 17:54:17
2020-03-24 17:54:18,744270.0,744997.0,2020-03-24 17:54:18
2020-03-24 17:54:19,744270.0,744997.0,2020-03-24 17:54:19
2020-03-24 17:54:20,744270.0,744997.0,2020-03-24 17:54:20
2020-03-24 17:54:21,744270.0,744997.0,2020-03-24 17:54:21
2020-03-24 17:54:23,744270.0,744997.0,2020-03-24 17:54:23
2020-03-24 17:54:24,744270.0,744997.0,2020-03-24 17:54:24
2020-03-24 17:54:25,744270.0,744997.0,2020-03-24 17:54:25
2020-03-24 17:54:26,744421.0,744986.0,2020-03-24 17:54:26
2020-03-24 17:54:27,744421.0,744986.0,2020-03-24 17:54:27
2020-03-24 17:54:28,744421.0,744986.0,2020-03-24 17:54:28
2020-03-24 17:54:29,744421.0,744986.0,2020-03-24 17:54:29
2020-03-24 17:54:30,744421.0,744986.0,2020-03-24 17:54:30
2020-03-24 17:54:31,744421.0,744986.0,2020-03-24 17:54:31
2020-03-24 17:54:32,744421.0,744986.0,2020-03-24 17:54:32
2020-03-24 17:54:33,744421.0,744986.0,2020-03-24 17:54:33
2020-03-24 17:54:34,744421.0,744986.0,2020-03-24 17:54:34
2020-03-24 17:54:36,744421.0,744986.0,2020-03-24 17:54:36
2020-03-24 17:54:37,744421.0,744986.0,2020-03-24 17:54:37
2020-03-24 17:54:38,744421.0,744986.0,2020-03-24 17:54:38
2020-03-24 17:54:39,744504.0,745148.0,2020-03-24 17:54:39
2020-03-24 17:54:40,744504.0,745148.0,2020-03-24 17:54:40
2020-03-24 17:54:41,744504.0,745148.0,2020-03-24 17:54:41
2020-03-24 17:54:42,744504.0,745148.0,2020-03-24 17:54:42
2020-03-24 17:54:43,744504.0,745148.0,2020-03-24 17:54:43
2020-03-24 17:54:44,744504.0,745148.0,2020-03-24 17:54:44
2020-03-24 17:54:45,744504.0,745148.0,2020-03-24 17:54:45
2020-03-24 17:54:47,744627.0,745128.0,2020-03-24 17:54:46
2020-03-24 17:54:48,744627.0,745128.0,2020-03-24 17:54:48
2020-03-24 17:54:49,744627.0,745128.0,2020-03-24 17:54:49
2020-03-24 17:54:50,744627.0,745128.0,2020-03-24 17:54:50
2020-03-24 17:54:51,744627.0,745128.0,2020-03-24 17:54:51
2020-03-24 17:54:52,744627.0,745128.0,2020-03-24 17:54:52
2020-03-24 17:54:53,744627.0,745128.0,2020-03-24 17:54:53
2020-03-24 17:54:54,744627.0,745128.0,2020-03-24 17:54:54
2020-03-24 17:54:55,744627.0,745128.0,2020-03-24 17:54:55
2020-03-24 17:54:56,745390.0,745550.0,2020-03-24 17:54:56
2020-03-24 17:54:57,745390.0,745550.0,2020-03-24 17:54:57
2020-03-24 17:54:59,745390.0,745550.0,2020-03-24 17:54:58
2020-03-24 17:55:00,745390.0,745550.0,2020-03-24 17:55:00
2020-03-24 17:55:01,745390.0,745550.0,2020-03-24 17:55:01
2020-03-24 17:55:02,745390.0,745550.0,2020-03-24 17:55:02
2020-03-24 17:55:03,745390.0,745550.0,2020-03-24 17:55:03
2020-03-24 17:55:04,745390.0,745550.0,2020-03-24 17:55:04
2020-03-24 17:55:05,745390.0,745550.0,2020-03-24 17:55:05
2020-03-24 17:55:06,745390.0,745550.0,2020-03-24 17:55:06
2020-03-24 17:55:07,745654.0,746000.0,2020-03-24 17:55:07
2020-03-24 17:55:08,745654.0,746000.0,2020-03-24 17:55:08
2020-03-24 17:55:10,745654.0,746000.0,2020-03-24 17:55:09
2020-03-24 17:55:11,745654.0,746000.0,2020-03-24 17:55:11
2020-03-24 17:55:12,745654.0,746000.0,2020-03-24 17:55:12
2020-03-24 17:55:13,745654.0,746000.0,2020-03-24 17:55:13
2020-03-24 17:55:14,745654.0,746000.0,2020-03-24 17:55:14
2020-03-24 17:55:15,745654.0,746000.0,2020-03-24 17:55:15
2020-03-24 17:55:16,745654.0,746000.0,2020-03-24 17:55:16
2020-03-24 17:55:17,745654.0,746000.0,2020-03-24 17:55:17
2020-03-24 17:55:18,746511.0,746950.0,2020-03-24 17:55:18
2020-03-24 17:55:19,746511.0,746950.0,2020-03-24 17:55:19
2020-03-24 17:55:20,746511.0,746950.0,2020-03-24 17:55:20
2020-03-24 17:55:21,746511.0,746950.0,2020-03-24 17:55:21
2020-03-24 17:55:23,746511.0,746950.0,2020-03-24 17:55:22
2020-03-24 17:55:24,746511.0,746950.0,2020-03-24 17:55:24
2020-03-24 17:55:25,746511.0,746950.0,2020-03-24 17:55:25
2020-03-24 17:55:26,746511.0,746950.0,2020-03-24 17:55:26
2020-03-24 17:55:27,746511.0,746950.0,2020-03-24 17:55:27
2020-03-24 17:55:28,746220.0,746890.0,2020-03-24 17:55:28
2020-03-24 17:55:29,746220.0,746890.0,2020-03-24 17:55:29
2020-03-24 17:55:30,746220.0,746890.0,2020-03-24 17:55:30
2020-03-24 17:55:31,746220.0,746890.0,2020-03-24 17:55:31
2020-03-24 17:55:32,746220.0,746890.0,2020-03-24 17:55:32
2020-03-24 17:55:33,746220.0,746890.0,2020-03-24 17:55:33
2020-03-24 17:55:35,746220.0,746890.0,2020-03-24 17:55:35
2020-03-24 17:55:36,746220.0,746890.0,2020-03-24 17:55:36
2020-03-24 17:55:37,746220.0,746890.0,2020-03-24 17:55:37
2020-03-24 17:55:38,746220.0,746890.0,2020-03-24 17:55:38
2020-03-24 17:55:39,746220.0,746890.0,2020-03-24 17:55:39
2020-03-24 17:55:40,746220.0,746890.0,2020-03-24 17:55:40
2020-03-24 17:55:41,746220.0,746890.0,2020-03-24 17:55:41
2020-03-24 17:55:42,746220.0,746890.0,2020-03-24 17:55:42
2020-03-24 17:55:43,746220.0,746890.0,2020-03-24 17:55:43
2020-03-24 17:55:44,745582.0,745588.0,2020-03-24 17:55:44
2020-03-24 17:55:45,745582.0,745588.0,2020-03-24 17:55:45
2020-03-24 17:55:46,745582.0,745588.0,2020-03-24 17:55:46
2020-03-24 17:55:48,745650.0,746177.0,2020-03-24 17:55:47
2020-03-24 17:55:49,745650.0,746177.0,2020-03-24 17:55:49
2020-03-24 17:55:50,745650.0,746177.0,2020-03-24 17:55:50
2020-03-24 17:55:51,745650.0,746177.0,2020-03-24 17:55:51
2020-03-24 17:55:52,745650.0,746177.0,2020-03-24 17:55:52
2020-03-24 17:55:53,745650.0,746177.0,2020-03-24 17:55:53
2020-03-24 17:55:54,745650.0,746177.0,2020-03-24 17:55:54
2020-03-24 17:55:55,745650.0,746177.0,2020-03-24 17:55:55
2020-03-24 17:55:56,745650.0,746177.0,2020-03-24 17:55:56
2020-03-24 17:55:57,745650.0,746177.0,2020-03-24 17:55:57
2020-03-24 17:55:58,745650.0,746177.0,2020-03-24 17:55:58
2020-03-24 17:55:59,745718.0,745991.0,2020-03-24 17:55:59
2020-03-24 17:56:01,745718.0,745991.0,2020-03-24 17:56:01
2020-03-24 17:56:02,745718.0,745991.0,2020-03-24 17:56:02
2020-03-24 17:56:03,745718.0,745991.0,2020-03-24 17:56:03
2020-03-24 17:56:04,745718.0,745991.0,2020-03-24 17:56:04
2020-03-24 17:56:05,745868.0,746000.0,2020-03-24 17:56:05
2020-03-24 17:56:06,745868.0,746000.0,2020-03-24 17:56:06
2020-03-24 17:56:07,745868.0,746000.0,2020-03-24 17:56:07
2020-03-24 17:56:09,745868.0,746000.0,2020-03-24 17:56:08
2020-03-24 17:56:10,745868.0,746000.0,2020-03-24 17:56:10
2020-03-24 17:56:11,745868.0,746000.0,2020-03-24 17:56:11
2020-03-24 17:56:12,745868.0,746000.0,2020-03-24 17:56:12
2020-03-24 17:56:13,745868.0,746000.0,2020-03-24 17:56:13
2020-03-24 17:56:14,745868.0,746000.0,2020-03-24 17:56:14
2020-03-24 17:56:15,745868.0,746000.0,2020-03-24 17:56:15
2020-03-24 17:56:16,745868.0,746000.0,2020-03-24 17:56:16
2020-03-24 17:56:17,745591.0,745806.0,2020-03-24 17:56:17
2020-03-24 17:56:18,745591.0,745806.0,2020-03-24 17:56:18
2020-03-24 17:56:19,745591.0,745806.0,2020-03-24 17:56:19
2020-03-24 17:56:20,745591.0,745806.0,2020-03-24 17:56:20
2020-03-24 17:56:22,745591.0,745806.0,2020-03-24 17:56:21
2020-03-24 17:56:23,745591.0,745806.0,2020-03-24 17:56:23
2020-03-24 17:56:24,745591.0,745806.0,2020-03-24 17:56:24
2020-03-24 17:56:25,745591.0,745806.0,2020-03-24 17:56:25
2020-03-24 17:56:26,745591.0,745806.0,2020-03-24 17:56:26
2020-03-24 17:56:27,744700.0,745537.0,2020-03-24 17:56:27
2020-03-24 17:56:28,744700.0,745537.0,2020-03-24 17:56:28
2020-03-24 17:56:29,744700.0,745537.0,2020-03-24 17:56:29
2020-03-24 17:56:30,744700.0,745537.0,2020-03-24 17:56:30
2020-03-24 17:56:31,744700.0,745537.0,2020-03-24 17:56:31
2020-03-24 17:56:32,744700.0,745537.0,2020-03-24 17:56:32
2020-03-24 17:56:33,744700.0,745537.0,2020-03-24 17:56:33
2020-03-24 17:56:34,744700.0,745537.0,2020-03-24 17:56:34
2020-03-24 17:56:36,744431.0,744974.0,2020-03-24 17:56:36
2020-03-24 17:56:37,744431.0,744974.0,2020-03-24 17:56:37
2020-03-24 17:56:38,744431.0,744974.0,2020-03-24 17:56:38
2020-03-24 17:56:39,744431.0,744974.0,2020-03-24 17:56:39
2020-03-24 17:56:40,744431.0,744974.0,2020-03-24 17:56:40
2020-03-24 17:56:41,744431.0,744974.0,2020-03-24 17:56:41
2020-03-24 17:56:42,744431.0,744974.0,2020-03-24 17:56:42
2020-03-24 17:56:43,744431.0,744974.0,2020-03-24 17:56:43
2020-03-24 17:56:44,744431.0,744974.0,2020-03-24 17:56:44
2020-03-24 17:56:45,744437.0,744946.0,2020-03-24 17:56:45
2020-03-24 17:56:46,744437.0,744946.0,2020-03-24 17:56:46
2020-03-24 17:56:47,744437.0,744946.0,2020-03-24 17:56:47
2020-03-24 17:56:49,744437.0,744946.0,2020-03-24 17:56:49
2020-03-24 17:56:50,744437.0,744946.0,2020-03-24 17:56:50
2020-03-24 17:56:51,744437.0,744946.0,2020-03-24 17:56:51
2020-03-24 17:56:52,744437.0,744946.0,2020-03-24 17:56:52
2020-03-24 17:56:53,744437.0,744946.0,2020-03-24 17:56:53
2020-03-24 17:56:54,744437.0,744946.0,2020-03-24 17:56:54
2020-03-24 17:56:55,745632.0,746255.0,2020-03-24 17:56:55
2020-03-24 17:56:56,745632.0,746255.0,2020-03-24 17:56:56
2020-03-24 17:56:57,745632.0,746255.0,2020-03-24 17:56:57
2020-03-24 17:56:58,745632.0,746255.0,2020-03-24 17:56:58
2020-03-24 17:57:00,745632.0,746255.0,2020-03-24 17:56:59
2020-03-24 17:57:01,745632.0,746255.0,2020-03-24 17:57:01
2020-03-24 17:57:02,745632.0,746255.0,2020-03-24 17:57:02
2020-03-24 17:57:03,745632.0,746255.0,2020-03-24 17:57:03
2020-03-24 17:57:04,745632.0,746255.0,2020-03-24 17:57:04
2020-03-24 17:57:05,745715.0,746881.0,2020-03-24 17:57:05
2020-03-24 17:57:06,745715.0,746881.0,2020-03-24 17:57:06
2020-03-24 17:57:07,745715.0,746881.0,2020-03-24 17:57:07
2020-03-24 17:57:08,745715.0,746881.0,2020-03-24 17:57:08
2020-03-24 17:57:09,745715.0,746881.0,2020-03-24 17:57:09
2020-03-24 17:57:10,745715.0,746881.0,2020-03-24 17:57:10
2020-03-24 17:57:11,745715.0,746881.0,2020-03-24 17:57:11
2020-03-24 17:57:12,745715.0,746881.0,2020-03-24 17:57:12
2020-03-24 17:57:14,745715.0,746881.0,2020-03-24 17:57:13
2020-03-24 17:57:15,745715.0,746881.0,2020-03-24 17:57:15
2020-03-24 17:57:16,746126.0,746667.0,2020-03-24 17:57:16
2020-03-24 17:57:17,746126.0,746667.0,2020-03-24 17:57:17
2020-03-24 17:57:18,746126.0,746667.0,2020-03-24 17:57:18
2020-03-24 17:57:19,746126.0,746667.0,2020-03-24 17:57:19
2020-03-24 17:57:20,746126.0,746667.0,2020-03-24 17:57:20
2020-03-24 17:57:21,746126.0,746667.0,2020-03-24 17:57:21
2020-03-24 17:57:22,746126.0,746667.0,2020-03-24 17:57:22
2020-03-24 17:57:23,746126.0,746667.0,2020-03-24 17:57:23
2020-03-24 17:57:24,746126.0,746667.0,2020-03-24 17:57:24
2020-03-24 17:57:25,746126.0,746667.0,2020-03-24 17:57:25
2020-03-24 17:57:27,746470.0,746948.0,2020-03-24 17:57:27
2020-03-24 17:57:28,746470.0,746948.0,2020-03-24 17:57:28
2020-03-24 17:57:29,746470.0,746948.0,2020-03-24 17:57:29
2020-03-24 17:57:30,746470.0,746948.0,2020-03-24 17:57:30
2020-03-24 17:57:31,746470.0,746948.0,2020-03-24 17:57:31
2020-03-24 17:57:32,746470.0,746948.0,2020-03-24 17:57:32
2020-03-24 17:57:33,746470.0,746948.0,2020-03-24 17:57:33
2020-03-24 17:57:34,746470.0,746948.0,2020-03-24 17:57:34
2020-03-24 17:57:35,746470.0,746948.0,2020-03-24 17:57:35
2020-03-24 17:57:36,746434.0,746897.0,2020-03-24 17:57:36
2020-03-24 17:57:37,746434.0,746897.0,2020-03-24 17:57:37
2020-03-24 17:57:39,746434.0,746897.0,2020-03-24 17:57:39
2020-03-24 17:57:40,746434.0,746897.0,2020-03-24 17:57:40
2020-03-24 17:57:41,746434.0,746897.0,2020-03-24 17:57:41
2020-03-24 17:57:42,746434.0,746897.0,2020-03-24 17:57:42
2020-03-24 17:57:43,746434.0,746897.0,2020-03-24 17:57:43
2020-03-24 17:57:44,746434.0,746897.0,2020-03-24 17:57:44
2020-03-24 17:57:45,746434.0,746897.0,2020-03-24 17:57:45
2020-03-24 17:57:46,746434.0,746897.0,2020-03-24 17:57:46
2020-03-24 17:57:47,746397.0,746866.0,2020-03-24 17:57:47
2020-03-24 17:57:48,746397.0,746866.0,2020-03-24 17:57:48
2020-03-24 17:57:49,746397.0,746866.0,2020-03-24 17:57:49
2020-03-24 17:57:51,746397.0,746866.0,2020-03-24 17:57:50
2020-03-24 17:57:52,746397.0,746866.0,2020-03-24 17:57:52
2020-03-24 17:57:53,746397.0,746866.0,2020-03-24 17:57:53
2020-03-24 17:57:54,746397.0,746866.0,2020-03-24 17:57:54
2020-03-24 17:57:55,746397.0,746866.0,2020-03-24 17:57:55
2020-03-24 17:57:56,746252.0,746834.0,2020-03-24 17:57:56
2020-03-24 17:57:57,746252.0,746834.0,2020-03-24 17:57:57
2020-03-24 17:57:58,746252.0,746834.0,2020-03-24 17:57:58
2020-03-24 17:57:59,746252.0,746834.0,2020-03-24 17:57:59
2020-03-24 17:58:00,746252.0,746834.0,2020-03-24 17:58:00
2020-03-24 17:58:01,746252.0,746834.0,2020-03-24 17:58:01
2020-03-24 17:58:03,746252.0,746834.0,2020-03-24 17:58:03
2020-03-24 17:58:04,746297.0,746795.0,2020-03-24 17:58:04
2020-03-24 17:58:05,746297.0,746795.0,2020-03-24 17:58:05
2020-03-24 17:58:06,746297.0,746795.0,2020-03-24 17:58:06
2020-03-24 17:58:07,746297.0,746795.0,2020-03-24 17:58:07
2020-03-24 17:58:08,746297.0,746795.0,2020-03-24 17:58:08
2020-03-24 17:58:09,746297.0,746795.0,2020-03-24 17:58:09
2020-03-24 17:58:10,746297.0,746795.0,2020-03-24 17:58:10
2020-03-24 17:58:11,746297.0,746795.0,2020-03-24 17:58:11
2020-03-24 17:58:12,746297.0,746795.0,2020-03-24 17:58:12
2020-03-24 17:58:13,746297.0,746795.0,2020-03-24 17:58:13
2020-03-24 17:58:14,746297.0,746795.0,2020-03-24 17:58:14
2020-03-24 17:58:16,747197.0,748000.0,2020-03-24 17:58:15
2020-03-24 17:58:17,747197.0,748000.0,2020-03-24 17:58:17
2020-03-24 17:58:18,747197.0,748000.0,2020-03-24 17:58:18
2020-03-24 17:58:19,747197.0,748000.0,2020-03-24 17:58:19
2020-03-24 17:58:20,747197.0,748000.0,2020-03-24 17:58:20
2020-03-24 17:58:21,747197.0,748000.0,2020-03-24 17:58:21
2020-03-24 17:58:22,747197.0,748000.0,2020-03-24 17:58:22
2020-03-24 17:58:23,747197.0,748000.0,2020-03-24 17:58:23
2020-03-24 17:58:24,747197.0,748000.0,2020-03-24 17:58:24
2020-03-24 17:58:26,748050.0,748413.0,2020-03-24 17:58:26
2020-03-24 17:58:27,748050.0,748413.0,2020-03-24 17:58:27
2020-03-24 17:58:28,748050.0,748413.0,2020-03-24 17:58:28
2020-03-24 17:58:29,748050.0,748413.0,2020-03-24 17:58:29
2020-03-24 17:58:30,748050.0,748413.0,2020-03-24 17:58:30
2020-03-24 17:58:31,748050.0,748413.0,2020-03-24 17:58:31
2020-03-24 17:58:32,748050.0,748413.0,2020-03-24 17:58:32
2020-03-24 17:58:33,748050.0,748413.0,2020-03-24 17:58:33
2020-03-24 17:58:34,748050.0,748413.0,2020-03-24 17:58:34
2020-03-24 17:58:35,749009.0,749054.0,2020-03-24 17:58:35
2020-03-24 17:58:36,749009.0,749054.0,2020-03-24 17:58:36
2020-03-24 17:58:37,749009.0,749054.0,2020-03-24 17:58:37
2020-03-24 17:58:39,749009.0,749054.0,2020-03-24 17:58:38
2020-03-24 17:58:40,749009.0,749054.0,2020-03-24 17:58:40
2020-03-24 17:58:41,749009.0,749054.0,2020-03-24 17:58:41
2020-03-24 17:58:42,749009.0,749054.0,2020-03-24 17:58:42
2020-03-24 17:58:43,749009.0,749054.0,2020-03-24 17:58:43
2020-03-24 17:58:44,749009.0,749054.0,2020-03-24 17:58:44
2020-03-24 17:58:45,749009.0,749054.0,2020-03-24 17:58:45
2020-03-24 17:58:46,748240.0,748919.0,2020-03-24 17:58:46
2020-03-24 17:58:47,748240.0,748919.0,2020-03-24 17:58:47
2020-03-24 17:58:48,748240.0,748919.0,2020-03-24 17:58:48
2020-03-24 17:58:49,748240.0,748919.0,2020-03-24 17:58:49
2020-03-24 17:58:50,748240.0,748919.0,2020-03-24 17:58:50
2020-03-24 17:58:51,748240.0,748919.0,2020-03-24 17:58:51
2020-03-24 17:58:53,748240.0,748919.0,2020-03-24 17:58:53
2020-03-24 17:58:54,748240.0,748919.0,2020-03-24 17:58:54
2020-03-24 17:58:55,748021.0,748317.0,2020-03-24 17:58:55
2020-03-24 17:58:56,748021.0,748317.0,2020-03-24 17:58:56
2020-03-24 17:58:57,748021.0,748317.0,2020-03-24 17:58:57
2020-03-24 17:58:58,748021.0,748317.0,2020-03-24 17:58:58
2020-03-24 17:58:59,748021.0,748317.0,2020-03-24 17:58:59
2020-03-24 17:59:00,748021.0,748317.0,2020-03-24 17:59:00
2020-03-24 17:59:01,748021.0,748317.0,2020-03-24 17:59:01
2020-03-24 17:59:02,748021.0,748317.0,2020-03-24 17:59:02
2020-03-24 17:59:03,748021.0,748317.0,2020-03-24 17:59:03
2020-03-24 17:59:05,747395.0,747527.0,2020-03-24 17:59:05
2020-03-24 17:59:06,747395.0,747527.0,2020-03-24 17:59:06
2020-03-24 17:59:07,747395.0,747527.0,2020-03-24 17:59:07
2020-03-24 17:59:08,747395.0,747527.0,2020-03-24 17:59:08
2020-03-24 17:59:09,747395.0,747527.0,2020-03-24 17:59:09
2020-03-24 17:59:10,747395.0,747527.0,2020-03-24 17:59:10
2020-03-24 17:59:11,747395.0,747527.0,2020-03-24 17:59:11
2020-03-24 17:59:12,747395.0,747527.0,2020-03-24 17:59:12
2020-03-24 17:59:13,747395.0,747527.0,2020-03-24 17:59:13
2020-03-24 17:59:14,747395.0,747527.0,2020-03-24 17:59:14
2020-03-24 17:59:15,747395.0,747527.0,2020-03-24 17:59:15
2020-03-24 17:59:16,746918.0,747467.0,2020-03-24 17:59:16
2020-03-24 17:59:17,746918.0,747467.0,2020-03-24 17:59:17
2020-03-24 17:59:19,746918.0,747467.0,2020-03-24 17:59:19
2020-03-24 17:59:20,746918.0,747467.0,2020-03-24 17:59:20
2020-03-24 17:59:21,746918.0,747467.0,2020-03-24 17:59:21
2020-03-24 17:59:22,746918.0,747467.0,2020-03-24 17:59:22
2020-03-24 17:59:23,746918.0,747467.0,2020-03-24 17:59:23
2020-03-24 17:59:24,746918.0,747467.0,2020-03-24 17:59:24
2020-03-24 17:59:25,747485.0,747904.0,2020-03-24 17:59:25
2020-03-24 17:59:26,747485.0,747904.0,2020-03-24 17:59:26
2020-03-24 17:59:27,747485.0,747904.0,2020-03-24 17:59:27
2020-03-24 17:59:28,747485.0,747904.0,2020-03-24 17:59:28
2020-03-24 17:59:29,747485.0,747904.0,2020-03-24 17:59:29
2020-03-24 17:59:30,747485.0,747904.0,2020-03-24 17:59:30
2020-03-24 17:59:31,747485.0,747904.0,2020-03-24 17:59:31
2020-03-24 17:59:32,747485.0,747904.0,2020-03-24 17:59:32
2020-03-24 17:59:34,747485.0,747904.0,2020-03-24 17:59:34
2020-03-24 17:59:35,747268.0,747876.0,2020-03-24 17:59:35
2020-03-24 17:59:36,747268.0,747876.0,2020-03-24 17:59:36
2020-03-24 17:59:37,747268.0,747876.0,2020-03-24 17:59:37
2020-03-24 17:59:38,747268.0,747876.0,2020-03-24 17:59:38
2020-03-24 17:59:39,747268.0,747876.0,2020-03-24 17:59:39
2020-03-24 17:59:40,747268.0,747876.0,2020-03-24 17:59:40
2020-03-24 17:59:41,747268.0,747876.0,2020-03-24 17:59:41
2020-03-24 17:59:42,747268.0,747876.0,2020-03-24 17:59:42
2020-03-24 17:59:43,747268.0,747876.0,2020-03-24 17:59:43
2020-03-24 17:59:44,747268.0,747876.0,2020-03-24 17:59:44
2020-03-24 17:59:45,746661.0,746676.0,2020-03-24 17:59:45
2020-03-24 17:59:46,746661.0,746676.0,2020-03-24 17:59:46
2020-03-24 17:59:48,746661.0,746676.0,2020-03-24 17:59:48
2020-03-24 17:59:49,746661.0,746676.0,2020-03-24 17:59:49
2020-03-24 17:59:50,746661.0,746676.0,2020-03-24 17:59:50
2020-03-24 17:59:51,746661.0,746676.0,2020-03-24 17:59:51
2020-03-24 17:59:52,746661.0,746676.0,2020-03-24 17:59:52
2020-03-24 17:59:53,746661.0,746676.0,2020-03-24 17:59:53
2020-03-24 17:59:54,746065.0,746203.0,2020-03-24 17:59:54
2020-03-24 17:59:55,746065.0,746203.0,2020-03-24 17:59:55
2020-03-24 17:59:56,746065.0,746203.0,2020-03-24 17:59:56
2020-03-24 17:59:57,746065.0,746203.0,2020-03-24 17:59:57
2020-03-24 17:59:58,746065.0,746203.0,2020-03-24 17:59:58
2020-03-24 17:59:59,746065.0,746203.0,2020-03-24 17:59:59
2020-03-24 18:00:00,746065.0,746203.0,2020-03-24 18:00:00
2020-03-24 18:00:02,746065.0,746203.0,2020-03-24 18:00:02
2020-03-24 18:00:03,746065.0,746203.0,2020-03-24 18:00:03
2020-03-24 18:00:04,746065.0,746203.0,2020-03-24 18:00:04
2020-03-24 18:00:05,746065.0,746203.0,2020-03-24 18:00:05
2020-03-24 18:00:06,746065.0,746203.0,2020-03-24 18:00:06
2020-03-24 18:00:08,746065.0,746203.0,2020-03-24 18:00:08
2020-03-24 18:00:09,745571.0,746113.0,2020-03-24 18:00:09
2020-03-24 18:00:10,745571.0,746113.0,2020-03-24 18:00:10
2020-03-24 18:00:12,745571.0,746113.0,2020-03-24 18:00:12
2020-03-24 18:00:13,745571.0,746113.0,2020-03-24 18:00:13
2020-03-24 18:00:14,745571.0,746113.0,2020-03-24 18:00:14
2020-03-24 18:00:15,745571.0,746113.0,2020-03-24 18:00:15
2020-03-24 18:00:16,745571.0,746113.0,2020-03-24 18:00:16
2020-03-24 18:00:17,745571.0,746113.0,2020-03-24 18:00:17
2020-03-24 18:00:18,745571.0,746113.0,2020-03-24 18:00:18
2020-03-24 18:00:19,745571.0,746113.0,2020-03-24 18:00:19
2020-03-24 18:00:20,744273.0,744626.0,2020-03-24 18:00:20
2020-03-24 18:00:22,744273.0,744626.0,2020-03-24 18:00:22
2020-03-24 18:00:23,744273.0,744626.0,2020-03-24 18:00:23
2020-03-24 18:00:24,744273.0,744626.0,2020-03-24 18:00:24
2020-03-24 18:00:25,744273.0,744626.0,2020-03-24 18:00:25
2020-03-24 18:00:26,744273.0,744626.0,2020-03-24 18:00:26
2020-03-24 18:00:27,744273.0,744626.0,2020-03-24 18:00:27
2020-03-24 18:00:28,744273.0,744626.0,2020-03-24 18:00:28
2020-03-24 18:00:29,744273.0,744626.0,2020-03-24 18:00:29
2020-03-24 18:00:30,744351.0,744971.0,2020-03-24 18:00:30
2020-03-24 18:00:31,744351.0,744971.0,2020-03-24 18:00:31
2020-03-24 18:00:32,744351.0,744971.0,2020-03-24 18:00:32
2020-03-24 18:00:33,744351.0,744971.0,2020-03-24 18:00:33
2020-03-24 18:00:34,744351.0,744971.0,2020-03-24 18:00:34
2020-03-24 18:00:36,744351.0,744971.0,2020-03-24 18:00:36
2020-03-24 18:00:37,744351.0,744971.0,2020-03-24 18:00:37
2020-03-24 18:00:38,744351.0,744971.0,2020-03-24 18:00:38
2020-03-24 18:00:39,744351.0,744971.0,2020-03-24 18:00:39
2020-03-24 18:00:40,744351.0,744971.0,2020-03-24 18:00:40
2020-03-24 18:00:41,744403.0,745022.0,2020-03-24 18:00:41
2020-03-24 18:00:42,744403.0,745022.0,2020-03-24 18:00:42
2020-03-24 18:00:43,744403.0,745022.0,2020-03-24 18:00:43
2020-03-24 18:00:44,744403.0,745022.0,2020-03-24 18:00:44
2020-03-24 18:00:45,744403.0,745022.0,2020-03-24 18:00:45
2020-03-24 18:00:46,744403.0,745022.0,2020-03-24 18:00:46
2020-03-24 18:00:47,744403.0,745022.0,2020-03-24 18:00:47
2020-03-24 18:00:48,744403.0,745022.0,2020-03-24 18:00:48
2020-03-24 18:00:50,744686.0,745097.0,2020-03-24 18:00:50
2020-03-24 18:00:51,744686.0,745097.0,2020-03-24 18:00:51
2020-03-24 18:00:52,744686.0,745097.0,2020-03-24 18:00:52
2020-03-24 18:00:53,744686.0,745097.0,2020-03-24 18:00:53
2020-03-24 18:00:54,744686.0,745097.0,2020-03-24 18:00:54
2020-03-24 18:00:55,744686.0,745097.0,2020-03-24 18:00:55
2020-03-24 18:00:56,744686.0,745097.0,2020-03-24 18:00:56
2020-03-24 18:00:57,744686.0,745097.0,2020-03-24 18:00:57
2020-03-24 18:00:58,744686.0,745097.0,2020-03-24 18:00:58
2020-03-24 18:00:59,744500.0,745024.0,2020-03-24 18:00:59
2020-03-24 18:01:00,744500.0,745024.0,2020-03-24 18:01:00
2020-03-24 18:01:01,744500.0,745024.0,2020-03-24 18:01:01
2020-03-24 18:01:03,744500.0,745024.0,2020-03-24 18:01:03
2020-03-24 18:01:04,744500.0,745024.0,2020-03-24 18:01:04
2020-03-24 18:01:05,744500.0,745024.0,2020-03-24 18:01:05
2020-03-24 18:01:06,744500.0,745024.0,2020-03-24 18:01:06
2020-03-24 18:01:07,744001.0,744556.0,2020-03-24 18:01:07
2020-03-24 18:01:08,744001.0,744556.0,2020-03-24 18:01:08
2020-03-24 18:01:09,744001.0,744556.0,2020-03-24 18:01:09
2020-03-24 18:01:10,744001.0,744556.0,2020-03-24 18:01:10
2020-03-24 18:01:11,744001.0,744556.0,2020-03-24 18:01:11
2020-03-24 18:01:13,744001.0,744556.0,2020-03-24 18:01:13
2020-03-24 18:01:14,744001.0,744556.0,2020-03-24 18:01:14
2020-03-24 18:01:15,744001.0,744556.0,2020-03-24 18:01:15
2020-03-24 18:01:16,744001.0,744556.0,2020-03-24 18:01:16
2020-03-24 18:01:17,745144.0,745380.0,2020-03-24 18:01:17
2020-03-24 18:01:18,745144.0,745380.0,2020-03-24 18:01:18
2020-03-24 18:01:20,745144.0,745380.0,2020-03-24 18:01:19
2020-03-24 18:01:21,745144.0,745380.0,2020-03-24 18:01:21
2020-03-24 18:01:22,745144.0,745380.0,2020-03-24 18:01:22
2020-03-24 18:01:23,745144.0,745380.0,2020-03-24 18:01:23
2020-03-24 18:01:24,745144.0,745380.0,2020-03-24 18:01:24
2020-03-24 18:01:25,745144.0,745380.0,2020-03-24 18:01:25
2020-03-24 18:01:26,745144.0,745380.0,2020-03-24 18:01:26
2020-03-24 18:01:27,745144.0,745380.0,2020-03-24 18:01:27
2020-03-24 18:01:28,745144.0,745380.0,2020-03-24 18:01:28
2020-03-24 18:01:29,745144.0,745380.0,2020-03-24 18:01:29
2020-03-24 18:01:30,745884.0,746385.0,2020-03-24 18:01:30
2020-03-24 18:01:31,745884.0,746385.0,2020-03-24 18:01:31
2020-03-24 18:01:32,745884.0,746385.0,2020-03-24 18:01:32
2020-03-24 18:01:34,745884.0,746385.0,2020-03-24 18:01:34
2020-03-24 18:01:35,745884.0,746385.0,2020-03-24 18:01:35
2020-03-24 18:01:36,745884.0,746385.0,2020-03-24 18:01:36
2020-03-24 18:01:37,745884.0,746385.0,2020-03-24 18:01:37
2020-03-24 18:01:38,746297.0,747033.0,2020-03-24 18:01:38
2020-03-24 18:01:39,746297.0,747033.0,2020-03-24 18:01:39
2020-03-24 18:01:40,746297.0,747033.0,2020-03-24 18:01:40
2020-03-24 18:01:41,746297.0,747033.0,2020-03-24 18:01:41
2020-03-24 18:01:42,746297.0,747033.0,2020-03-24 18:01:42
2020-03-24 18:01:43,746297.0,747033.0,2020-03-24 18:01:43
2020-03-24 18:01:44,746297.0,747033.0,2020-03-24 18:01:44
2020-03-24 18:01:45,746297.0,747033.0,2020-03-24 18:01:45
2020-03-24 18:01:46,746297.0,747033.0,2020-03-24 18:01:46
2020-03-24 18:01:48,746205.0,746309.0,2020-03-24 18:01:48
2020-03-24 18:01:49,746205.0,746309.0,2020-03-24 18:01:49
2020-03-24 18:01:50,746205.0,746309.0,2020-03-24 18:01:50
2020-03-24 18:01:51,746205.0,746309.0,2020-03-24 18:01:51
2020-03-24 18:01:52,746205.0,746309.0,2020-03-24 18:01:52
2020-03-24 18:01:53,746205.0,746309.0,2020-03-24 18:01:53
2020-03-24 18:01:54,746205.0,746309.0,2020-03-24 18:01:54
2020-03-24 18:01:55,746205.0,746309.0,2020-03-24 18:01:55
2020-03-24 18:01:56,746205.0,746309.0,2020-03-24 18:01:56
2020-03-24 18:01:57,746232.0,746761.0,2020-03-24 18:01:57
2020-03-24 18:01:58,746232.0,746761.0,2020-03-24 18:01:58
2020-03-24 18:01:59,746232.0,746761.0,2020-03-24 18:01:59
2020-03-24 18:02:01,746232.0,746761.0,2020-03-24 18:02:01
2020-03-24 18:02:02,746232.0,746761.0,2020-03-24 18:02:02
2020-03-24 18:02:03,746232.0,746761.0,2020-03-24 18:02:03
2020-03-24 18:02:04,746232.0,746761.0,2020-03-24 18:02:04
2020-03-24 18:02:05,746232.0,746761.0,2020-03-24 18:02:05
2020-03-24 18:02:06,745830.0,745860.0,2020-03-24 18:02:06
2020-03-24 18:02:07,745830.0,745860.0,2020-03-24 18:02:07
2020-03-24 18:02:08,745830.0,745860.0,2020-03-24 18:02:08
2020-03-24 18:02:09,745830.0,745860.0,2020-03-24 18:02:09
2020-03-24 18:02:10,745830.0,745860.0,2020-03-24 18:02:10
2020-03-24 18:02:11,745830.0,745860.0,2020-03-24 18:02:11
2020-03-24 18:02:13,745830.0,745860.0,2020-03-24 18:02:13
2020-03-24 18:02:14,745830.0,745860.0,2020-03-24 18:02:14
2020-03-24 18:02:15,745830.0,745860.0,2020-03-24 18:02:15
2020-03-24 18:02:16,745830.0,745860.0,2020-03-24 18:02:16
2020-03-24 18:02:17,745830.0,745860.0,2020-03-24 18:02:17
2020-03-24 18:02:18,745661.0,746321.0,2020-03-24 18:02:18
2020-03-24 18:02:19,745661.0,746321.0,2020-03-24 18:02:19
2020-03-24 18:02:20,745661.0,746321.0,2020-03-24 18:02:20
2020-03-24 18:02:21,745661.0,746321.0,2020-03-24 18:02:21
2020-03-24 18:02:22,745661.0,746321.0,2020-03-24 18:02:22
2020-03-24 18:02:23,745661.0,746321.0,2020-03-24 18:02:23
2020-03-24 18:02:24,745661.0,746321.0,2020-03-24 18:02:24
2020-03-24 18:02:26,745093.0,746058.0,2020-03-24 18:02:26
2020-03-24 18:02:27,745093.0,746058.0,2020-03-24 18:02:27
2020-03-24 18:02:28,745093.0,746058.0,2020-03-24 18:02:28
2020-03-24 18:02:29,745093.0,746058.0,2020-03-24 18:02:29
2020-03-24 18:02:30,745093.0,746058.0,2020-03-24 18:02:30
2020-03-24 18:02:31,745093.0,746058.0,2020-03-24 18:02:31
2020-03-24 18:02:32,745093.0,746058.0,2020-03-24 18:02:32
2020-03-24 18:02:33,745093.0,746058.0,2020-03-24 18:02:33
2020-03-24 18:02:34,745093.0,746058.0,2020-03-24 18:02:34
2020-03-24 18:02:35,745093.0,746058.0,2020-03-24 18:02:35
2020-03-24 18:02:36,744812.0,745404.0,2020-03-24 18:02:36
2020-03-24 18:02:38,744812.0,745404.0,2020-03-24 18:02:38
2020-03-24 18:02:39,744812.0,745404.0,2020-03-24 18:02:39
2020-03-24 18:02:40,744812.0,745404.0,2020-03-24 18:02:40
2020-03-24 18:02:41,744812.0,745404.0,2020-03-24 18:02:41
2020-03-24 18:02:42,744812.0,745404.0,2020-03-24 18:02:42
2020-03-24 18:02:43,744812.0,745404.0,2020-03-24 18:02:43
2020-03-24 18:02:44,744812.0,745404.0,2020-03-24 18:02:44
2020-03-24 18:02:45,744812.0,745404.0,2020-03-24 18:02:45
2020-03-24 18:02:46,744812.0,745404.0,2020-03-24 18:02:46
2020-03-24 18:02:47,744812.0,745404.0,2020-03-24 18:02:47
2020-03-24 18:02:48,745184.0,746294.0,2020-03-24 18:02:48
2020-03-24 18:02:49,745184.0,746294.0,2020-03-24 18:02:49
2020-03-24 18:02:51,745184.0,746294.0,2020-03-24 18:02:51
2020-03-24 18:02:52,745184.0,746294.0,2020-03-24 18:02:52
2020-03-24 18:02:53,745184.0,746294.0,2020-03-24 18:02:53
2020-03-24 18:02:54,745184.0,746294.0,2020-03-24 18:02:54
2020-03-24 18:02:55,745184.0,746294.0,2020-03-24 18:02:55
2020-03-24 18:02:56,745184.0,746294.0,2020-03-24 18:02:56
2020-03-24 18:02:57,746240.0,746920.0,2020-03-24 18:02:57
2020-03-24 18:02:58,746240.0,746920.0,2020-03-24 18:02:58
2020-03-24 18:02:59,746240.0,746920.0,2020-03-24 18:02:59
2020-03-24 18:03:00,746240.0,746920.0,2020-03-24 18:03:00
2020-03-24 18:03:01,746240.0,746920.0,2020-03-24 18:03:01
2020-03-24 18:03:02,746240.0,746920.0,2020-03-24 18:03:02
2020-03-24 18:03:03,746240.0,746920.0,2020-03-24 18:03:03
2020-03-24 18:03:05,746240.0,746920.0,2020-03-24 18:03:05
2020-03-24 18:03:06,746441.0,746803.0,2020-03-24 18:03:06
2020-03-24 18:03:07,746441.0,746803.0,2020-03-24 18:03:07
2020-03-24 18:03:08,746441.0,746803.0,2020-03-24 18:03:08
2020-03-24 18:03:09,746441.0,746803.0,2020-03-24 18:03:09
2020-03-24 18:03:10,746441.0,746803.0,2020-03-24 18:03:10
2020-03-24 18:03:11,746441.0,746803.0,2020-03-24 18:03:11
2020-03-24 18:03:12,746441.0,746803.0,2020-03-24 18:03:12
2020-03-24 18:03:13,746441.0,746803.0,2020-03-24 18:03:13
2020-03-24 18:03:14,746441.0,746803.0,2020-03-24 18:03:14
2020-03-24 18:03:15,746441.0,746803.0,2020-03-24 18:03:15
2020-03-24 18:03:17,745614.0,745851.0,2020-03-24 18:03:17
2020-03-24 18:03:18,745614.0,745851.0,2020-03-24 18:03:18
2020-03-24 18:03:19,745614.0,745851.0,2020-03-24 18:03:19
2020-03-24 18:03:20,745614.0,745851.0,2020-03-24 18:03:20
2020-03-24 18:03:21,745614.0,745851.0,2020-03-24 18:03:21
2020-03-24 18:03:22,745614.0,745851.0,2020-03-24 18:03:22
2020-03-24 18:03:23,745614.0,745851.0,2020-03-24 18:03:23
2020-03-24 18:03:24,745614.0,745851.0,2020-03-24 18:03:24
2020-03-24 18:03:25,745614.0,745851.0,2020-03-24 18:03:25
2020-03-24 18:03:26,745614.0,745851.0,2020-03-24 18:03:26
2020-03-24 18:03:28,745599.0,746379.0,2020-03-24 18:03:27
2020-03-24 18:03:29,745599.0,746379.0,2020-03-24 18:03:29
2020-03-24 18:03:30,745599.0,746379.0,2020-03-24 18:03:30
2020-03-24 18:03:31,745599.0,746379.0,2020-03-24 18:03:31
2020-03-24 18:03:32,745599.0,746379.0,2020-03-24 18:03:32
2020-03-24 18:03:33,745599.0,746379.0,2020-03-24 18:03:33
2020-03-24 18:03:34,745599.0,746379.0,2020-03-24 18:03:34
2020-03-24 18:03:35,745599.0,746379.0,2020-03-24 18:03:35
2020-03-24 18:03:36,746915.0,747411.0,2020-03-24 18:03:36
2020-03-24 18:03:37,746915.0,747411.0,2020-03-24 18:03:37
2020-03-24 18:03:38,746915.0,747411.0,2020-03-24 18:03:38
2020-03-24 18:03:40,746915.0,747411.0,2020-03-24 18:03:40
2020-03-24 18:03:41,746915.0,747411.0,2020-03-24 18:03:41
2020-03-24 18:03:42,746915.0,747411.0,2020-03-24 18:03:42
2020-03-24 18:03:43,746915.0,747411.0,2020-03-24 18:03:43
2020-03-24 18:03:44,746915.0,747411.0,2020-03-24 18:03:44
2020-03-24 18:03:45,746915.0,747411.0,2020-03-24 18:03:45
2020-03-24 18:03:46,746915.0,747411.0,2020-03-24 18:03:46
2020-03-24 18:03:47,746497.0,747110.0,2020-03-24 18:03:47
2020-03-24 18:03:48,746497.0,747110.0,2020-03-24 18:03:48
2020-03-24 18:03:49,746497.0,747110.0,2020-03-24 18:03:49
2020-03-24 18:03:50,746497.0,747110.0,2020-03-24 18:03:50
2020-03-24 18:03:51,746497.0,747110.0,2020-03-24 18:03:51
2020-03-24 18:03:53,746497.0,747110.0,2020-03-24 18:03:53
2020-03-24 18:03:54,746497.0,747110.0,2020-03-24 18:03:54
2020-03-24 18:03:55,746497.0,747110.0,2020-03-24 18:03:55
2020-03-24 18:03:56,746497.0,747110.0,2020-03-24 18:03:56
2020-03-24 18:03:57,746085.0,746797.0,2020-03-24 18:03:57
2020-03-24 18:03:58,746085.0,746797.0,2020-03-24 18:03:58
2020-03-24 18:03:59,746085.0,746797.0,2020-03-24 18:03:59
2020-03-24 18:04:00,746085.0,746797.0,2020-03-24 18:04:00
2020-03-24 18:04:01,746085.0,746797.0,2020-03-24 18:04:01
2020-03-24 18:04:02,746085.0,746797.0,2020-03-24 18:04:02
2020-03-24 18:04:03,746085.0,746797.0,2020-03-24 18:04:03
2020-03-24 18:04:04,746085.0,746797.0,2020-03-24 18:04:04
2020-03-24 18:04:06,745843.0,746525.0,2020-03-24 18:04:05
2020-03-24 18:04:07,745843.0,746525.0,2020-03-24 18:04:07
2020-03-24 18:04:08,745843.0,746525.0,2020-03-24 18:04:08
2020-03-24 18:04:09,745843.0,746525.0,2020-03-24 18:04:09
2020-03-24 18:04:10,745843.0,746525.0,2020-03-24 18:04:10
2020-03-24 18:04:11,745843.0,746525.0,2020-03-24 18:04:11
2020-03-24 18:04:12,745843.0,746525.0,2020-03-24 18:04:12
2020-03-24 18:04:13,745843.0,746525.0,2020-03-24 18:04:13
2020-03-24 18:04:14,745843.0,746525.0,2020-03-24 18:04:14
2020-03-24 18:04:15,745843.0,746525.0,2020-03-24 18:04:15
2020-03-24 18:04:16,745914.0,746736.0,2020-03-24 18:04:16
2020-03-24 18:04:17,745914.0,746736.0,2020-03-24 18:04:17
2020-03-24 18:04:18,745914.0,746736.0,2020-03-24 18:04:18
2020-03-24 18:04:20,745914.0,746736.0,2020-03-24 18:04:19
2020-03-24 18:04:21,745914.0,746736.0,2020-03-24 18:04:21
2020-03-24 18:04:22,745914.0,746736.0,2020-03-24 18:04:22
2020-03-24 18:04:23,745914.0,746736.0,2020-03-24 18:04:23
2020-03-24 18:04:24,745914.0,746736.0,2020-03-24 18:04:24
2020-03-24 18:04:25,745914.0,746736.0,2020-03-24 18:04:25
2020-03-24 18:04:26,745914.0,746736.0,2020-03-24 18:04:26
2020-03-24 18:04:27,745469.0,746082.0,2020-03-24 18:04:27
2020-03-24 18:04:28,745469.0,746082.0,2020-03-24 18:04:28
2020-03-24 18:04:29,745469.0,746082.0,2020-03-24 18:04:29
2020-03-24 18:04:30,745469.0,746082.0,2020-03-24 18:04:30
2020-03-24 18:04:31,745469.0,746082.0,2020-03-24 18:04:31
2020-03-24 18:04:33,745469.0,746082.0,2020-03-24 18:04:33
2020-03-24 18:04:34,745469.0,746082.0,2020-03-24 18:04:34
2020-03-24 18:04:35,745469.0,746082.0,2020-03-24 18:04:35
2020-03-24 18:04:36,745499.0,746045.0,2020-03-24 18:04:36
2020-03-24 18:04:37,745499.0,746045.0,2020-03-24 18:04:37
2020-03-24 18:04:38,745499.0,746045.0,2020-03-24 18:04:38
2020-03-24 18:04:39,745499.0,746045.0,2020-03-24 18:04:39
2020-03-24 18:04:40,745499.0,746045.0,2020-03-24 18:04:40
2020-03-24 18:04:41,745499.0,746045.0,2020-03-24 18:04:41
2020-03-24 18:04:42,745499.0,746045.0,2020-03-24 18:04:42
2020-03-24 18:04:43,745499.0,746045.0,2020-03-24 18:04:43
2020-03-24 18:04:45,745499.0,746045.0,2020-03-24 18:04:45
2020-03-24 18:04:46,745086.0,745937.0,2020-03-24 18:04:46
2020-03-24 18:04:47,745086.0,745937.0,2020-03-24 18:04:47
2020-03-24 18:04:48,745086.0,745937.0,2020-03-24 18:04:48
2020-03-24 18:04:49,745086.0,745937.0,2020-03-24 18:04:49
2020-03-24 18:04:50,745086.0,745937.0,2020-03-24 18:04:50
2020-03-24 18:04:51,745086.0,745937.0,2020-03-24 18:04:51
2020-03-24 18:04:52,745086.0,745937.0,2020-03-24 18:04:52
2020-03-24 18:04:53,745086.0,745937.0,2020-03-24 18:04:53
2020-03-24 18:04:55,745086.0,745937.0,2020-03-24 18:04:55
2020-03-24 18:04:56,745175.0,745727.0,2020-03-24 18:04:56
2020-03-24 18:04:57,745175.0,745727.0,2020-03-24 18:04:57
2020-03-24 18:04:58,745175.0,745727.0,2020-03-24 18:04:58
2020-03-24 18:04:59,745175.0,745727.0,2020-03-24 18:04:59
2020-03-24 18:05:00,745175.0,745727.0,2020-03-24 18:05:00
2020-03-24 18:05:01,745175.0,745727.0,2020-03-24 18:05:01
2020-03-24 18:05:02,745175.0,745727.0,2020-03-24 18:05:02
2020-03-24 18:05:03,745175.0,745727.0,2020-03-24 18:05:03
2020-03-24 18:05:04,745175.0,745727.0,2020-03-24 18:05:04
2020-03-24 18:05:06,745175.0,745727.0,2020-03-24 18:05:06
2020-03-24 18:05:07,743599.0,744164.0,2020-03-24 18:05:07
2020-03-24 18:05:08,743599.0,744164.0,2020-03-24 18:05:08
2020-03-24 18:05:10,743599.0,744164.0,2020-03-24 18:05:10
2020-03-24 18:05:11,743599.0,744164.0,2020-03-24 18:05:11
2020-03-24 18:05:12,743599.0,744164.0,2020-03-24 18:05:12
2020-03-24 18:05:13,743599.0,744164.0,2020-03-24 18:05:13
2020-03-24 18:05:14,743599.0,744164.0,2020-03-24 18:05:14
2020-03-24 18:05:15,743599.0,744164.0,2020-03-24 18:05:15
2020-03-24 18:05:16,743599.0,744164.0,2020-03-24 18:05:16
2020-03-24 18:05:18,743599.0,744164.0,2020-03-24 18:05:17
2020-03-24 18:05:19,744000.0,744080.0,2020-03-24 18:05:19
2020-03-24 18:05:20,744000.0,744080.0,2020-03-24 18:05:20
2020-03-24 18:05:21,744000.0,744080.0,2020-03-24 18:05:21
2020-03-24 18:05:22,744000.0,744080.0,2020-03-24 18:05:22
2020-03-24 18:05:23,744000.0,744080.0,2020-03-24 18:05:23
2020-03-24 18:05:25,744000.0,744080.0,2020-03-24 18:05:25
2020-03-24 18:05:26,744000.0,744080.0,2020-03-24 18:05:26
2020-03-24 18:05:27,744000.0,744080.0,2020-03-24 18:05:27
2020-03-24 18:05:28,742148.0,742167.0,2020-03-24 18:05:28
2020-03-24 18:05:29,742148.0,742167.0,2020-03-24 18:05:29
2020-03-24 18:05:30,742148.0,742167.0,2020-03-24 18:05:30
2020-03-24 18:05:31,742148.0,742167.0,2020-03-24 18:05:31
2020-03-24 18:05:32,742148.0,742167.0,2020-03-24 18:05:32
2020-03-24 18:05:34,742148.0,742167.0,2020-03-24 18:05:34
2020-03-24 18:05:35,742148.0,742167.0,2020-03-24 18:05:35
2020-03-24 18:05:36,742148.0,742167.0,2020-03-24 18:05:36
2020-03-24 18:05:37,742148.0,742167.0,2020-03-24 18:05:37
2020-03-24 18:05:39,742148.0,742167.0,2020-03-24 18:05:39
2020-03-24 18:05:40,742148.0,742167.0,2020-03-24 18:05:40
2020-03-24 18:05:41,742148.0,742167.0,2020-03-24 18:05:41
2020-03-24 18:05:42,741995.0,742500.0,2020-03-24 18:05:42
2020-03-24 18:05:43,741995.0,742500.0,2020-03-24 18:05:43
2020-03-24 18:05:44,741995.0,742500.0,2020-03-24 18:05:44
2020-03-24 18:05:45,741995.0,742500.0,2020-03-24 18:05:45
2020-03-24 18:05:46,741995.0,742500.0,2020-03-24 18:05:46
2020-03-24 18:05:47,741579.0,741619.0,2020-03-24 18:05:47
2020-03-24 18:05:48,741579.0,741619.0,2020-03-24 18:05:48
2020-03-24 18:05:49,741579.0,741619.0,2020-03-24 18:05:49
2020-03-24 18:05:51,741579.0,741619.0,2020-03-24 18:05:50
2020-03-24 18:05:52,741579.0,741619.0,2020-03-24 18:05:52
2020-03-24 18:05:53,741579.0,741619.0,2020-03-24 18:05:53
2020-03-24 18:05:54,741579.0,741619.0,2020-03-24 18:05:54
2020-03-24 18:05:55,741579.0,741619.0,2020-03-24 18:05:55
2020-03-24 18:05:56,741579.0,741619.0,2020-03-24 18:05:56
2020-03-24 18:05:57,741579.0,741619.0,2020-03-24 18:05:57
2020-03-24 18:05:58,741579.0,741619.0,2020-03-24 18:05:58
2020-03-24 18:05:59,741579.0,741619.0,2020-03-24 18:05:59
2020-03-24 18:06:00,741009.0,741286.0,2020-03-24 18:06:00
2020-03-24 18:06:01,741009.0,741286.0,2020-03-24 18:06:01
2020-03-24 18:06:03,741009.0,741286.0,2020-03-24 18:06:02
2020-03-24 18:06:04,741009.0,741286.0,2020-03-24 18:06:04
2020-03-24 18:06:05,741437.0,741734.0,2020-03-24 18:06:05
2020-03-24 18:06:06,741437.0,741734.0,2020-03-24 18:06:06
2020-03-24 18:06:07,741437.0,741734.0,2020-03-24 18:06:07
2020-03-24 18:06:08,741437.0,741734.0,2020-03-24 18:06:08
2020-03-24 18:06:09,741437.0,741734.0,2020-03-24 18:06:09
2020-03-24 18:06:10,741437.0,741734.0,2020-03-24 18:06:10
2020-03-24 18:06:11,741437.0,741734.0,2020-03-24 18:06:11
2020-03-24 18:06:12,741437.0,741734.0,2020-03-24 18:06:12
2020-03-24 18:06:13,741437.0,741734.0,2020-03-24 18:06:13
2020-03-24 18:06:15,741437.0,741734.0,2020-03-24 18:06:14
2020-03-24 18:06:16,742437.0,742663.0,2020-03-24 18:06:16
2020-03-24 18:06:17,742437.0,742663.0,2020-03-24 18:06:17
2020-03-24 18:06:18,742437.0,742663.0,2020-03-24 18:06:18
2020-03-24 18:06:19,742437.0,742663.0,2020-03-24 18:06:19
2020-03-24 18:06:20,742437.0,742663.0,2020-03-24 18:06:20
2020-03-24 18:06:21,742437.0,742663.0,2020-03-24 18:06:21
2020-03-24 18:06:22,742437.0,742663.0,2020-03-24 18:06:22
2020-03-24 18:06:23,742437.0,742663.0,2020-03-24 18:06:23
2020-03-24 18:06:24,742437.0,742663.0,2020-03-24 18:06:24
2020-03-24 18:06:25,742437.0,742663.0,2020-03-24 18:06:25
2020-03-24 18:06:26,743339.0,743813.0,2020-03-24 18:06:26
2020-03-24 18:06:27,743339.0,743813.0,2020-03-24 18:06:27
2020-03-24 18:06:29,743339.0,743813.0,2020-03-24 18:06:28
2020-03-24 18:06:30,743339.0,743813.0,2020-03-24 18:06:30
2020-03-24 18:06:31,743339.0,743813.0,2020-03-24 18:06:31
2020-03-24 18:06:32,743339.0,743813.0,2020-03-24 18:06:32
2020-03-24 18:06:33,743339.0,743813.0,2020-03-24 18:06:33
2020-03-24 18:06:34,743339.0,743813.0,2020-03-24 18:06:34
2020-03-24 18:06:35,742636.0,743151.0,2020-03-24 18:06:35
2020-03-24 18:06:36,742636.0,743151.0,2020-03-24 18:06:36
2020-03-24 18:06:37,742636.0,743151.0,2020-03-24 18:06:37
2020-03-24 18:06:38,742636.0,743151.0,2020-03-24 18:06:38
2020-03-24 18:06:39,742636.0,743151.0,2020-03-24 18:06:39
2020-03-24 18:06:41,742636.0,743151.0,2020-03-24 18:06:41
2020-03-24 18:06:42,742636.0,743151.0,2020-03-24 18:06:42
2020-03-24 18:06:43,742636.0,743151.0,2020-03-24 18:06:43
2020-03-24 18:06:44,742636.0,743151.0,2020-03-24 18:06:44
2020-03-24 18:06:45,742027.0,742209.0,2020-03-24 18:06:45
2020-03-24 18:06:46,742027.0,742209.0,2020-03-24 18:06:46
2020-03-24 18:06:47,742027.0,742209.0,2020-03-24 18:06:47
2020-03-24 18:06:48,742027.0,742209.0,2020-03-24 18:06:48
2020-03-24 18:06:49,742027.0,742209.0,2020-03-24 18:06:49
2020-03-24 18:06:50,742027.0,742209.0,2020-03-24 18:06:50
2020-03-24 18:06:51,742027.0,742209.0,2020-03-24 18:06:51
2020-03-24 18:06:52,742027.0,742209.0,2020-03-24 18:06:52
2020-03-24 18:06:53,742027.0,742209.0,2020-03-24 18:06:53
2020-03-24 18:06:55,742027.0,742209.0,2020-03-24 18:06:55
2020-03-24 18:06:56,741771.0,741781.0,2020-03-24 18:06:56
2020-03-24 18:06:57,741771.0,741781.0,2020-03-24 18:06:57
2020-03-24 18:06:58,741771.0,741781.0,2020-03-24 18:06:58
2020-03-24 18:06:59,741771.0,741781.0,2020-03-24 18:06:59
2020-03-24 18:07:00,741771.0,741781.0,2020-03-24 18:07:00
2020-03-24 18:07:01,741771.0,741781.0,2020-03-24 18:07:01
2020-03-24 18:07:02,741771.0,741781.0,2020-03-24 18:07:02
2020-03-24 18:07:03,741771.0,741781.0,2020-03-24 18:07:03
2020-03-24 18:07:04,741771.0,741781.0,2020-03-24 18:07:04
2020-03-24 18:07:05,742692.0,743045.0,2020-03-24 18:07:05
2020-03-24 18:07:06,742692.0,743045.0,2020-03-24 18:07:06
2020-03-24 18:07:08,742692.0,743045.0,2020-03-24 18:07:07
2020-03-24 18:07:09,742692.0,743045.0,2020-03-24 18:07:09
2020-03-24 18:07:10,742692.0,743045.0,2020-03-24 18:07:10
2020-03-24 18:07:11,742692.0,743045.0,2020-03-24 18:07:11
2020-03-24 18:07:12,742692.0,743045.0,2020-03-24 18:07:12
2020-03-24 18:07:13,742692.0,743045.0,2020-03-24 18:07:13
2020-03-24 18:07:14,742692.0,743045.0,2020-03-24 18:07:14
2020-03-24 18:07:15,742111.0,742474.0,2020-03-24 18:07:15
2020-03-24 18:07:16,742111.0,742474.0,2020-03-24 18:07:16
2020-03-24 18:07:17,742111.0,742474.0,2020-03-24 18:07:17
2020-03-24 18:07:18,742111.0,742474.0,2020-03-24 18:07:18
2020-03-24 18:07:19,742111.0,742474.0,2020-03-24 18:07:19
2020-03-24 18:07:21,742111.0,742474.0,2020-03-24 18:07:21
2020-03-24 18:07:22,742111.0,742474.0,2020-03-24 18:07:22
2020-03-24 18:07:23,742111.0,742474.0,2020-03-24 18:07:23
2020-03-24 18:07:24,742111.0,742474.0,2020-03-24 18:07:24
2020-03-24 18:07:25,742111.0,742474.0,2020-03-24 18:07:25
2020-03-24 18:07:26,742111.0,742474.0,2020-03-24 18:07:26
2020-03-24 18:07:27,742111.0,742474.0,2020-03-24 18:07:27
2020-03-24 18:07:28,742111.0,742474.0,2020-03-24 18:07:28
2020-03-24 18:07:29,741222.0,741725.0,2020-03-24 18:07:29
2020-03-24 18:07:30,741222.0,741725.0,2020-03-24 18:07:30
2020-03-24 18:07:31,741222.0,741725.0,2020-03-24 18:07:31
2020-03-24 18:07:32,741222.0,741725.0,2020-03-24 18:07:32
2020-03-24 18:07:33,741222.0,741725.0,2020-03-24 18:07:33
2020-03-24 18:07:34,741222.0,741725.0,2020-03-24 18:07:34
2020-03-24 18:07:36,741081.0,741653.0,2020-03-24 18:07:36
2020-03-24 18:07:37,741081.0,741653.0,2020-03-24 18:07:37
2020-03-24 18:07:38,741081.0,741653.0,2020-03-24 18:07:38
2020-03-24 18:07:39,741081.0,741653.0,2020-03-24 18:07:39
2020-03-24 18:07:40,741081.0,741653.0,2020-03-24 18:07:40
2020-03-24 18:07:41,741081.0,741653.0,2020-03-24 18:07:41
2020-03-24 18:07:42,741081.0,741653.0,2020-03-24 18:07:42
2020-03-24 18:07:43,741081.0,741653.0,2020-03-24 18:07:43
2020-03-24 18:07:44,741081.0,741653.0,2020-03-24 18:07:44
2020-03-24 18:07:45,741081.0,741653.0,2020-03-24 18:07:45
2020-03-24 18:07:46,740853.0,741043.0,2020-03-24 18:07:46
2020-03-24 18:07:47,740853.0,741043.0,2020-03-24 18:07:47
2020-03-24 18:07:48,740853.0,741043.0,2020-03-24 18:07:48
2020-03-24 18:07:50,740853.0,741043.0,2020-03-24 18:07:50
2020-03-24 18:07:51,740853.0,741043.0,2020-03-24 18:07:51
2020-03-24 18:07:52,740853.0,741043.0,2020-03-24 18:07:52
2020-03-24 18:07:53,740853.0,741043.0,2020-03-24 18:07:53
2020-03-24 18:07:54,740853.0,741043.0,2020-03-24 18:07:54
2020-03-24 18:07:55,740853.0,741043.0,2020-03-24 18:07:55
2020-03-24 18:07:56,740504.0,741070.0,2020-03-24 18:07:56
2020-03-24 18:07:57,740504.0,741070.0,2020-03-24 18:07:57
2020-03-24 18:07:58,740504.0,741070.0,2020-03-24 18:07:58
2020-03-24 18:07:59,740504.0,741070.0,2020-03-24 18:07:59
2020-03-24 18:08:00,740504.0,741070.0,2020-03-24 18:08:00
2020-03-24 18:08:02,740504.0,741070.0,2020-03-24 18:08:01
2020-03-24 18:08:03,740504.0,741070.0,2020-03-24 18:08:03
2020-03-24 18:08:04,740504.0,741070.0,2020-03-24 18:08:04
2020-03-24 18:08:05,740568.0,741137.0,2020-03-24 18:08:05
2020-03-24 18:08:06,740568.0,741137.0,2020-03-24 18:08:06
2020-03-24 18:08:07,740568.0,741137.0,2020-03-24 18:08:07
2020-03-24 18:08:08,740568.0,741137.0,2020-03-24 18:08:08
2020-03-24 18:08:09,740568.0,741137.0,2020-03-24 18:08:09
2020-03-24 18:08:10,740568.0,741137.0,2020-03-24 18:08:10
2020-03-24 18:08:11,740568.0,741137.0,2020-03-24 18:08:11
2020-03-24 18:08:12,740568.0,741137.0,2020-03-24 18:08:12
2020-03-24 18:08:13,740568.0,741137.0,2020-03-24 18:08:13
2020-03-24 18:08:14,740568.0,741137.0,2020-03-24 18:08:14
2020-03-24 18:08:16,740568.0,741137.0,2020-03-24 18:08:15
2020-03-24 18:08:17,741598.0,742057.0,2020-03-24 18:08:17
2020-03-24 18:08:18,741598.0,742057.0,2020-03-24 18:08:18
2020-03-24 18:08:19,741598.0,742057.0,2020-03-24 18:08:19
2020-03-24 18:08:20,741598.0,742057.0,2020-03-24 18:08:20
2020-03-24 18:08:21,741598.0,742057.0,2020-03-24 18:08:21
2020-03-24 18:08:22,741598.0,742057.0,2020-03-24 18:08:22
2020-03-24 18:08:23,741598.0,742057.0,2020-03-24 18:08:23
2020-03-24 18:08:24,741598.0,742057.0,2020-03-24 18:08:24
2020-03-24 18:08:25,741598.0,742057.0,2020-03-24 18:08:25
2020-03-24 18:08:26,742030.0,742617.0,2020-03-24 18:08:26
2020-03-24 18:08:27,742030.0,742617.0,2020-03-24 18:08:27
2020-03-24 18:08:29,742030.0,742617.0,2020-03-24 18:08:29
2020-03-24 18:08:30,742030.0,742617.0,2020-03-24 18:08:30
2020-03-24 18:08:31,742030.0,742617.0,2020-03-24 18:08:31
2020-03-24 18:08:32,742030.0,742617.0,2020-03-24 18:08:32
2020-03-24 18:08:33,742030.0,742617.0,2020-03-24 18:08:33
2020-03-24 18:08:34,742030.0,742617.0,2020-03-24 18:08:34
2020-03-24 18:08:35,742030.0,742617.0,2020-03-24 18:08:35
2020-03-24 18:08:36,742130.0,742821.0,2020-03-24 18:08:36
2020-03-24 18:08:37,742130.0,742821.0,2020-03-24 18:08:37
2020-03-24 18:08:38,742130.0,742821.0,2020-03-24 18:08:38
2020-03-24 18:08:39,742130.0,742821.0,2020-03-24 18:08:39
2020-03-24 18:08:40,742130.0,742821.0,2020-03-24 18:08:40
2020-03-24 18:08:42,742130.0,742821.0,2020-03-24 18:08:42
2020-03-24 18:08:43,742130.0,742821.0,2020-03-24 18:08:43
2020-03-24 18:08:44,742130.0,742821.0,2020-03-24 18:08:44
2020-03-24 18:08:45,742130.0,742821.0,2020-03-24 18:08:45
2020-03-24 18:08:46,741611.0,741972.0,2020-03-24 18:08:46
2020-03-24 18:08:47,741611.0,741972.0,2020-03-24 18:08:47
2020-03-24 18:08:48,741611.0,741972.0,2020-03-24 18:08:48
2020-03-24 18:08:49,741611.0,741972.0,2020-03-24 18:08:49
2020-03-24 18:08:50,741611.0,741972.0,2020-03-24 18:08:50
2020-03-24 18:08:51,741611.0,741972.0,2020-03-24 18:08:51
2020-03-24 18:08:52,741611.0,741972.0,2020-03-24 18:08:52
2020-03-24 18:08:53,741611.0,741972.0,2020-03-24 18:08:53
2020-03-24 18:08:54,741611.0,741972.0,2020-03-24 18:08:54
2020-03-24 18:08:56,741819.0,742749.0,2020-03-24 18:08:56
2020-03-24 18:08:57,741819.0,742749.0,2020-03-24 18:08:57
2020-03-24 18:08:58,741819.0,742749.0,2020-03-24 18:08:58
2020-03-24 18:08:59,741819.0,742749.0,2020-03-24 18:08:59
2020-03-24 18:09:00,741819.0,742749.0,2020-03-24 18:09:00
2020-03-24 18:09:01,741819.0,742749.0,2020-03-24 18:09:01
2020-03-24 18:09:02,741819.0,742749.0,2020-03-24 18:09:02
2020-03-24 18:09:03,741819.0,742749.0,2020-03-24 18:09:03
2020-03-24 18:09:04,741819.0,742749.0,2020-03-24 18:09:04
2020-03-24 18:09:05,742908.0,743066.0,2020-03-24 18:09:05
2020-03-24 18:09:06,742908.0,743066.0,2020-03-24 18:09:06
2020-03-24 18:09:07,742908.0,743066.0,2020-03-24 18:09:07
2020-03-24 18:09:09,742908.0,743066.0,2020-03-24 18:09:08
2020-03-24 18:09:10,742908.0,743066.0,2020-03-24 18:09:10
2020-03-24 18:09:11,742908.0,743066.0,2020-03-24 18:09:11
2020-03-24 18:09:12,742908.0,743066.0,2020-03-24 18:09:12
2020-03-24 18:09:13,742908.0,743066.0,2020-03-24 18:09:13
2020-03-24 18:09:14,742908.0,743066.0,2020-03-24 18:09:14
2020-03-24 18:09:15,742908.0,743066.0,2020-03-24 18:09:15
2020-03-24 18:09:16,742179.0,742817.0,2020-03-24 18:09:16
2020-03-24 18:09:17,742179.0,742817.0,2020-03-24 18:09:17
2020-03-24 18:09:18,742179.0,742817.0,2020-03-24 18:09:18
2020-03-24 18:09:19,742179.0,742817.0,2020-03-24 18:09:19
2020-03-24 18:09:20,742179.0,742817.0,2020-03-24 18:09:20
2020-03-24 18:09:22,742179.0,742817.0,2020-03-24 18:09:21
2020-03-24 18:09:23,742179.0,742817.0,2020-03-24 18:09:23
2020-03-24 18:09:24,742179.0,742817.0,2020-03-24 18:09:24
2020-03-24 18:09:25,742179.0,742817.0,2020-03-24 18:09:25
2020-03-24 18:09:26,742506.0,743067.0,2020-03-24 18:09:26
2020-03-24 18:09:27,742506.0,743067.0,2020-03-24 18:09:27
2020-03-24 18:09:28,742506.0,743067.0,2020-03-24 18:09:28
2020-03-24 18:09:29,742506.0,743067.0,2020-03-24 18:09:29
2020-03-24 18:09:30,742506.0,743067.0,2020-03-24 18:09:30
2020-03-24 18:09:31,742506.0,743067.0,2020-03-24 18:09:31
2020-03-24 18:09:32,742506.0,743067.0,2020-03-24 18:09:32
2020-03-24 18:09:33,742506.0,743067.0,2020-03-24 18:09:33
2020-03-24 18:09:35,742506.0,743067.0,2020-03-24 18:09:35
2020-03-24 18:09:36,743322.0,743466.0,2020-03-24 18:09:36
2020-03-24 18:09:37,743322.0,743466.0,2020-03-24 18:09:37
2020-03-24 18:09:38,743322.0,743466.0,2020-03-24 18:09:38
2020-03-24 18:09:39,743322.0,743466.0,2020-03-24 18:09:39
2020-03-24 18:09:40,743322.0,743466.0,2020-03-24 18:09:40
2020-03-24 18:09:41,743322.0,743466.0,2020-03-24 18:09:41
2020-03-24 18:09:42,743322.0,743466.0,2020-03-24 18:09:42
2020-03-24 18:09:43,743322.0,743466.0,2020-03-24 18:09:43
2020-03-24 18:09:44,743322.0,743466.0,2020-03-24 18:09:44
2020-03-24 18:09:45,743968.0,743999.0,2020-03-24 18:09:45
2020-03-24 18:09:46,743968.0,743999.0,2020-03-24 18:09:46
2020-03-24 18:09:47,743968.0,743999.0,2020-03-24 18:09:47
2020-03-24 18:09:49,743968.0,743999.0,2020-03-24 18:09:49
2020-03-24 18:09:50,743968.0,743999.0,2020-03-24 18:09:50
2020-03-24 18:09:51,743968.0,743999.0,2020-03-24 18:09:51
2020-03-24 18:09:52,743968.0,743999.0,2020-03-24 18:09:52
2020-03-24 18:09:53,743968.0,743999.0,2020-03-24 18:09:53
2020-03-24 18:09:54,743968.0,743999.0,2020-03-24 18:09:54
2020-03-24 18:09:55,743968.0,743999.0,2020-03-24 18:09:55
2020-03-24 18:09:56,743466.0,743469.0,2020-03-24 18:09:56
2020-03-24 18:09:57,743466.0,743469.0,2020-03-24 18:09:57
2020-03-24 18:09:58,743466.0,743469.0,2020-03-24 18:09:58
2020-03-24 18:09:59,743466.0,743469.0,2020-03-24 18:09:59
2020-03-24 18:10:00,743466.0,743469.0,2020-03-24 18:10:00
2020-03-24 18:10:01,743466.0,743469.0,2020-03-24 18:10:01
2020-03-24 18:10:03,743466.0,743469.0,2020-03-24 18:10:02
2020-03-24 18:10:04,743466.0,743469.0,2020-03-24 18:10:04
2020-03-24 18:10:05,743466.0,743469.0,2020-03-24 18:10:05
2020-03-24 18:10:06,743466.0,743469.0,2020-03-24 18:10:06
2020-03-24 18:10:07,743238.0,744028.0,2020-03-24 18:10:07
2020-03-24 18:10:08,743238.0,744028.0,2020-03-24 18:10:08
2020-03-24 18:10:09,743238.0,744028.0,2020-03-24 18:10:09
2020-03-24 18:10:10,743238.0,744028.0,2020-03-24 18:10:10
2020-03-24 18:10:11,743238.0,744028.0,2020-03-24 18:10:11
2020-03-24 18:10:12,743238.0,744028.0,2020-03-24 18:10:12
2020-03-24 18:10:13,743238.0,744028.0,2020-03-24 18:10:13
2020-03-24 18:10:14,743238.0,744028.0,2020-03-24 18:10:14
2020-03-24 18:10:15,743238.0,744028.0,2020-03-24 18:10:15
2020-03-24 18:10:17,743238.0,744028.0,2020-03-24 18:10:16
2020-03-24 18:10:18,742962.0,743365.0,2020-03-24 18:10:18
2020-03-24 18:10:19,742962.0,743365.0,2020-03-24 18:10:19
2020-03-24 18:10:20,742962.0,743365.0,2020-03-24 18:10:20
2020-03-24 18:10:21,742962.0,743365.0,2020-03-24 18:10:21
2020-03-24 18:10:22,742962.0,743365.0,2020-03-24 18:10:22
2020-03-24 18:10:23,742962.0,743365.0,2020-03-24 18:10:23
2020-03-24 18:10:24,742962.0,743365.0,2020-03-24 18:10:24
2020-03-24 18:10:25,742962.0,743365.0,2020-03-24 18:10:25
2020-03-24 18:10:26,742962.0,743365.0,2020-03-24 18:10:26
2020-03-24 18:10:27,742879.0,743304.0,2020-03-24 18:10:27
2020-03-24 18:10:28,742879.0,743304.0,2020-03-24 18:10:28
2020-03-24 18:10:29,742879.0,743304.0,2020-03-24 18:10:29
2020-03-24 18:10:30,742879.0,743304.0,2020-03-24 18:10:30
2020-03-24 18:10:31,742879.0,743304.0,2020-03-24 18:10:31
2020-03-24 18:10:33,742879.0,743304.0,2020-03-24 18:10:33
2020-03-24 18:10:34,742879.0,743304.0,2020-03-24 18:10:34
2020-03-24 18:10:35,742879.0,743304.0,2020-03-24 18:10:35
2020-03-24 18:10:36,742879.0,743304.0,2020-03-24 18:10:36
2020-03-24 18:10:37,743634.0,743978.0,2020-03-24 18:10:37
2020-03-24 18:10:38,743634.0,743978.0,2020-03-24 18:10:38
2020-03-24 18:10:39,743634.0,743978.0,2020-03-24 18:10:39
2020-03-24 18:10:40,743634.0,743978.0,2020-03-24 18:10:40
2020-03-24 18:10:41,743634.0,743978.0,2020-03-24 18:10:41
2020-03-24 18:10:42,743634.0,743978.0,2020-03-24 18:10:42
2020-03-24 18:10:43,743634.0,743978.0,2020-03-24 18:10:43
2020-03-24 18:10:44,743634.0,743978.0,2020-03-24 18:10:44
2020-03-24 18:10:45,743634.0,743978.0,2020-03-24 18:10:45
2020-03-24 18:10:46,743634.0,743978.0,2020-03-24 18:10:46
2020-03-24 18:10:48,743782.0,744314.0,2020-03-24 18:10:48
2020-03-24 18:10:49,743782.0,744314.0,2020-03-24 18:10:49
2020-03-24 18:10:50,743782.0,744314.0,2020-03-24 18:10:50
2020-03-24 18:10:51,743782.0,744314.0,2020-03-24 18:10:51
2020-03-24 18:10:52,743782.0,744314.0,2020-03-24 18:10:52
2020-03-24 18:10:53,743782.0,744314.0,2020-03-24 18:10:53
2020-03-24 18:10:54,743782.0,744314.0,2020-03-24 18:10:54
2020-03-24 18:10:55,743782.0,744314.0,2020-03-24 18:10:55
2020-03-24 18:10:56,743782.0,744314.0,2020-03-24 18:10:56
2020-03-24 18:10:57,743473.0,744217.0,2020-03-24 18:10:57
2020-03-24 18:10:58,743473.0,744217.0,2020-03-24 18:10:58
2020-03-24 18:10:59,743473.0,744217.0,2020-03-24 18:10:59
2020-03-24 18:11:01,743473.0,744217.0,2020-03-24 18:11:01
2020-03-24 18:11:02,743473.0,744217.0,2020-03-24 18:11:02
2020-03-24 18:11:03,743473.0,744217.0,2020-03-24 18:11:03
2020-03-24 18:11:04,743473.0,744217.0,2020-03-24 18:11:04
2020-03-24 18:11:05,744316.0,744919.0,2020-03-24 18:11:05
2020-03-24 18:11:06,744316.0,744919.0,2020-03-24 18:11:06
2020-03-24 18:11:07,744316.0,744919.0,2020-03-24 18:11:07
2020-03-24 18:11:08,744316.0,744919.0,2020-03-24 18:11:08
2020-03-24 18:11:09,744316.0,744919.0,2020-03-24 18:11:09
2020-03-24 18:11:10,744316.0,744919.0,2020-03-24 18:11:10
2020-03-24 18:11:11,744316.0,744919.0,2020-03-24 18:11:11
2020-03-24 18:11:12,744316.0,744919.0,2020-03-24 18:11:12
2020-03-24 18:11:14,744316.0,744919.0,2020-03-24 18:11:13
2020-03-24 18:11:15,744316.0,744919.0,2020-03-24 18:11:15
2020-03-24 18:11:16,744698.0,744752.0,2020-03-24 18:11:16
2020-03-24 18:11:17,744698.0,744752.0,2020-03-24 18:11:17
2020-03-24 18:11:18,744698.0,744752.0,2020-03-24 18:11:18
2020-03-24 18:11:19,744698.0,744752.0,2020-03-24 18:11:19
2020-03-24 18:11:20,744698.0,744752.0,2020-03-24 18:11:20
2020-03-24 18:11:21,744698.0,744752.0,2020-03-24 18:11:21
2020-03-24 18:11:22,744698.0,744752.0,2020-03-24 18:11:22
2020-03-24 18:11:23,744698.0,744752.0,2020-03-24 18:11:23
2020-03-24 18:11:24,744698.0,744752.0,2020-03-24 18:11:24
2020-03-24 18:11:25,744698.0,744752.0,2020-03-24 18:11:25
2020-03-24 18:11:26,743793.0,744600.0,2020-03-24 18:11:26
2020-03-24 18:11:27,743793.0,744600.0,2020-03-24 18:11:27
2020-03-24 18:11:29,743793.0,744600.0,2020-03-24 18:11:28
2020-03-24 18:11:30,743793.0,744600.0,2020-03-24 18:11:30
2020-03-24 18:11:31,743793.0,744600.0,2020-03-24 18:11:31
2020-03-24 18:11:32,743793.0,744600.0,2020-03-24 18:11:32
2020-03-24 18:11:33,743793.0,744600.0,2020-03-24 18:11:33
2020-03-24 18:11:34,743793.0,744600.0,2020-03-24 18:11:34
2020-03-24 18:11:35,743765.0,744508.0,2020-03-24 18:11:35
2020-03-24 18:11:36,743765.0,744508.0,2020-03-24 18:11:36
2020-03-24 18:11:37,743765.0,744508.0,2020-03-24 18:11:37
2020-03-24 18:11:39,743765.0,744508.0,2020-03-24 18:11:38
2020-03-24 18:11:40,743765.0,744508.0,2020-03-24 18:11:40
2020-03-24 18:11:41,743765.0,744508.0,2020-03-24 18:11:41
2020-03-24 18:11:42,743765.0,744508.0,2020-03-24 18:11:42
2020-03-24 18:11:43,743765.0,744508.0,2020-03-24 18:11:43
2020-03-24 18:11:44,743765.0,744508.0,2020-03-24 18:11:44
2020-03-24 18:11:45,743461.0,744000.0,2020-03-24 18:11:45
2020-03-24 18:11:46,743461.0,744000.0,2020-03-24 18:11:46
2020-03-24 18:11:47,743461.0,744000.0,2020-03-24 18:11:47
2020-03-24 18:11:48,743461.0,744000.0,2020-03-24 18:11:48
2020-03-24 18:11:49,743461.0,744000.0,2020-03-24 18:11:49
2020-03-24 18:11:50,743461.0,744000.0,2020-03-24 18:11:50
2020-03-24 18:11:52,743461.0,744000.0,2020-03-24 18:11:52
2020-03-24 18:11:53,743461.0,744000.0,2020-03-24 18:11:53
2020-03-24 18:11:54,743461.0,744000.0,2020-03-24 18:11:54
2020-03-24 18:11:55,743207.0,743933.0,2020-03-24 18:11:55
2020-03-24 18:11:56,743207.0,743933.0,2020-03-24 18:11:56
2020-03-24 18:11:57,743207.0,743933.0,2020-03-24 18:11:57
2020-03-24 18:11:58,743207.0,743933.0,2020-03-24 18:11:58
2020-03-24 18:11:59,743207.0,743933.0,2020-03-24 18:11:59
2020-03-24 18:12:00,743207.0,743933.0,2020-03-24 18:12:00
2020-03-24 18:12:01,743207.0,743933.0,2020-03-24 18:12:01
2020-03-24 18:12:02,743207.0,743933.0,2020-03-24 18:12:02
2020-03-24 18:12:03,743207.0,743933.0,2020-03-24 18:12:03
2020-03-24 18:12:05,743207.0,743933.0,2020-03-24 18:12:05
2020-03-24 18:12:06,743676.0,743992.0,2020-03-24 18:12:06
2020-03-24 18:12:07,743676.0,743992.0,2020-03-24 18:12:07
2020-03-24 18:12:08,743676.0,743992.0,2020-03-24 18:12:08
2020-03-24 18:12:09,743676.0,743992.0,2020-03-24 18:12:09
2020-03-24 18:12:10,743676.0,743992.0,2020-03-24 18:12:10
2020-03-24 18:12:11,743676.0,743992.0,2020-03-24 18:12:11
2020-03-24 18:12:12,743676.0,743992.0,2020-03-24 18:12:12
2020-03-24 18:12:13,743676.0,743992.0,2020-03-24 18:12:13
2020-03-24 18:12:14,743676.0,743992.0,2020-03-24 18:12:14
2020-03-24 18:12:15,743676.0,743992.0,2020-03-24 18:12:15
2020-03-24 18:12:16,743676.0,743992.0,2020-03-24 18:12:16
2020-03-24 18:12:17,743000.0,743500.0,2020-03-24 18:12:17
2020-03-24 18:12:19,743000.0,743500.0,2020-03-24 18:12:19
2020-03-24 18:12:20,743000.0,743500.0,2020-03-24 18:12:20
2020-03-24 18:12:21,743000.0,743500.0,2020-03-24 18:12:21
2020-03-24 18:12:22,743000.0,743500.0,2020-03-24 18:12:22
2020-03-24 18:12:23,743000.0,743500.0,2020-03-24 18:12:23
2020-03-24 18:12:24,743000.0,743500.0,2020-03-24 18:12:24
2020-03-24 18:12:25,743000.0,743500.0,2020-03-24 18:12:25
2020-03-24 18:12:26,743000.0,743500.0,2020-03-24 18:12:26
2020-03-24 18:12:27,743000.0,743500.0,2020-03-24 18:12:27
2020-03-24 18:12:28,742709.0,743397.0,2020-03-24 18:12:28
2020-03-24 18:12:29,742709.0,743397.0,2020-03-24 18:12:29
2020-03-24 18:12:30,742709.0,743397.0,2020-03-24 18:12:30
2020-03-24 18:12:31,742709.0,743397.0,2020-03-24 18:12:31
2020-03-24 18:12:32,742709.0,743397.0,2020-03-24 18:12:32
2020-03-24 18:12:33,742709.0,743397.0,2020-03-24 18:12:33
2020-03-24 18:12:35,742709.0,743397.0,2020-03-24 18:12:35
2020-03-24 18:12:36,742709.0,743397.0,2020-03-24 18:12:36
2020-03-24 18:12:37,742714.0,742991.0,2020-03-24 18:12:37
2020-03-24 18:12:38,742714.0,742991.0,2020-03-24 18:12:38
2020-03-24 18:12:39,742714.0,742991.0,2020-03-24 18:12:39
2020-03-24 18:12:40,742714.0,742991.0,2020-03-24 18:12:40
2020-03-24 18:12:41,742714.0,742991.0,2020-03-24 18:12:41
2020-03-24 18:12:42,742714.0,742991.0,2020-03-24 18:12:42
2020-03-24 18:12:43,742714.0,742991.0,2020-03-24 18:12:43
2020-03-24 18:12:44,742714.0,742991.0,2020-03-24 18:12:44
2020-03-24 18:12:45,742714.0,742991.0,2020-03-24 18:12:45
2020-03-24 18:12:46,742494.0,743000.0,2020-03-24 18:12:46
2020-03-24 18:12:47,742494.0,743000.0,2020-03-24 18:12:47
2020-03-24 18:12:49,742494.0,743000.0,2020-03-24 18:12:49
2020-03-24 18:12:50,742494.0,743000.0,2020-03-24 18:12:50
2020-03-24 18:12:51,742494.0,743000.0,2020-03-24 18:12:51
2020-03-24 18:12:53,742494.0,743000.0,2020-03-24 18:12:52
2020-03-24 18:12:54,742494.0,743000.0,2020-03-24 18:12:54
2020-03-24 18:12:55,742494.0,743000.0,2020-03-24 18:12:55
2020-03-24 18:12:56,742494.0,743000.0,2020-03-24 18:12:56
2020-03-24 18:12:57,743952.0,744121.0,2020-03-24 18:12:57
2020-03-24 18:12:58,743952.0,744121.0,2020-03-24 18:12:58
2020-03-24 18:12:59,743952.0,744121.0,2020-03-24 18:12:59
2020-03-24 18:13:00,743952.0,744121.0,2020-03-24 18:13:00
2020-03-24 18:13:01,743952.0,744121.0,2020-03-24 18:13:01
2020-03-24 18:13:02,743952.0,744121.0,2020-03-24 18:13:02
2020-03-24 18:13:03,743952.0,744121.0,2020-03-24 18:13:03
2020-03-24 18:13:04,743952.0,744121.0,2020-03-24 18:13:04
2020-03-24 18:13:05,744125.0,744519.0,2020-03-24 18:13:05
2020-03-24 18:13:07,744125.0,744519.0,2020-03-24 18:13:06
2020-03-24 18:13:08,744125.0,744519.0,2020-03-24 18:13:08
2020-03-24 18:13:09,744125.0,744519.0,2020-03-24 18:13:09
2020-03-24 18:13:10,744125.0,744519.0,2020-03-24 18:13:10
2020-03-24 18:13:11,744125.0,744519.0,2020-03-24 18:13:11
2020-03-24 18:13:12,744125.0,744519.0,2020-03-24 18:13:12
2020-03-24 18:13:13,744125.0,744519.0,2020-03-24 18:13:13
2020-03-24 18:13:14,744125.0,744519.0,2020-03-24 18:13:14
2020-03-24 18:13:15,744125.0,744519.0,2020-03-24 18:13:15
2020-03-24 18:13:16,743990.0,744460.0,2020-03-24 18:13:16
2020-03-24 18:13:17,743990.0,744460.0,2020-03-24 18:13:17
2020-03-24 18:13:18,743990.0,744460.0,2020-03-24 18:13:18
2020-03-24 18:13:19,743990.0,744460.0,2020-03-24 18:13:19
2020-03-24 18:13:21,743990.0,744460.0,2020-03-24 18:13:21
2020-03-24 18:13:22,743990.0,744460.0,2020-03-24 18:13:22
2020-03-24 18:13:23,743990.0,744460.0,2020-03-24 18:13:23
