timestamp,bid,ask,tick_timestamp
2020-03-24 17:42:07,747211.0,747300.0,2020-03-24 17:42:07
2020-03-24 17:42:08,747211.0,747300.0,2020-03-24 17:42:08
2020-03-24 17:42:09,747211.0,747300.0,2020-03-24 17:42:09
2020-03-24 17:42:11,747211.0,747300.0,2020-03-24 17:42:10
2020-03-24 17:42:12,747211.0,747300.0,2020-03-24 17:42:12
2020-03-24 17:42:13,747211.0,747300.0,2020-03-24 17:42:13
2020-03-24 17:42:14,748569.0,748860.0,2020-03-24 17:42:14
2020-03-24 17:42:15,748569.0,748860.0,2020-03-24 17:42:15
2020-03-24 17:42:16,747984.0,748360.0,2020-03-24 17:42:16
2020-03-24 17:42:17,747984.0,748360.0,2020-03-24 17:42:17
2020-03-24 17:42:18,748140.0,748388.0,2020-03-24 17:42:18
2020-03-24 17:42:19,748140.0,748388.0,2020-03-24 17:42:19
2020-03-24 17:42:20,748266.0,748560.0,2020-03-24 17:42:20
2020-03-24 17:42:21,748475.0,748628.0,2020-03-24 17:42:21
2020-03-24 17:42:22,748475.0,748628.0,2020-03-24 17:42:22
2020-03-24 17:42:24,748492.0,748628.0,2020-03-24 17:42:23
2020-03-24 17:42:25,748492.0,748628.0,2020-03-24 17:42:25
2020-03-24 17:42:26,748726.0,749381.0,2020-03-24 17:42:26
2020-03-24 17:42:27,748726.0,749381.0,2020-03-24 17:42:27
2020-03-24 17:42:28,748797.0,748977.0,2020-03-24 17:42:28
2020-03-24 17:42:29,748797.0,748977.0,2020-03-24 17:42:29
2020-03-24 17:42:30,748806.0,749044.0,2020-03-24 17:42:30
2020-03-24 17:42:31,748806.0,749044.0,2020-03-24 17:42:31
2020-03-24 17:42:32,748641.0,749042.0,2020-03-24 17:42:32
2020-03-24 17:42:33,748641.0,749042.0,2020-03-24 17:42:33
2020-03-24 17:42:34,749299.0,749434.0,2020-03-24 17:42:34
2020-03-24 17:42:35,749299.0,749434.0,2020-03-24 17:42:35
2020-03-24 17:42:36,750184.0,750286.0,2020-03-24 17:42:36
2020-03-24 17:42:38,750184.0,750286.0,2020-03-24 17:42:37
2020-03-24 17:42:39,750500.0,750890.0,2020-03-24 17:42:39
2020-03-24 17:42:40,750500.0,750890.0,2020-03-24 17:42:40
2020-03-24 17:42:41,750286.0,750536.0,2020-03-24 17:42:41
2020-03-24 17:42:42,750286.0,750536.0,2020-03-24 17:42:42
2020-03-24 17:42:43,749434.0,749698.0,2020-03-24 17:42:43
2020-03-24 17:42:44,749659.0,749683.0,2020-03-24 17:42:44
2020-03-24 17:42:45,749659.0,749683.0,2020-03-24 17:42:45
2020-03-24 17:42:46,749699.0,749778.0,2020-03-24 17:42:46
2020-03-24 17:42:48,749699.0,749778.0,2020-03-24 17:42:47
2020-03-24 17:42:49,749569.0,749691.0,2020-03-24 17:42:49
2020-03-24 17:42:50,749569.0,749691.0,2020-03-24 17:42:50
2020-03-24 17:42:51,749524.0,750000.0,2020-03-24 17:42:51
2020-03-24 17:42:52,749524.0,750000.0,2020-03-24 17:42:52
2020-03-24 17:42:53,749352.0,749601.0,2020-03-24 17:42:53
2020-03-24 17:42:54,749352.0,749601.0,2020-03-24 17:42:54
2020-03-24 17:42:55,748629.0,749049.0,2020-03-24 17:42:55
2020-03-24 17:42:56,748629.0,749049.0,2020-03-24 17:42:56
2020-03-24 17:42:57,748683.0,749049.0,2020-03-24 17:42:57
2020-03-24 17:42:58,748683.0,749049.0,2020-03-24 17:42:58
2020-03-24 17:42:59,748683.0,749049.0,2020-03-24 17:42:59
2020-03-24 17:43:00,748683.0,749049.0,2020-03-24 17:43:00
2020-03-24 17:43:01,748629.0,749010.0,2020-03-24 17:43:01
2020-03-24 17:43:03,748629.0,749010.0,2020-03-24 17:43:02
2020-03-24 17:43:04,748546.0,749049.0,2020-03-24 17:43:04
2020-03-24 17:43:05,748546.0,749049.0,2020-03-24 17:43:05
2020-03-24 17:43:06,748015.0,748389.0,2020-03-24 17:43:06
2020-03-24 17:43:07,748015.0,748389.0,2020-03-24 17:43:07
2020-03-24 17:43:08,748149.0,748376.0,2020-03-24 17:43:08
2020-03-24 17:43:09,748149.0,748376.0,2020-03-24 17:43:09
2020-03-24 17:43:10,747620.0,747898.0,2020-03-24 17:43:10
2020-03-24 17:43:11,747620.0,747898.0,2020-03-24 17:43:11
2020-03-24 17:43:12,747972.0,748341.0,2020-03-24 17:43:12
2020-03-24 17:43:13,747972.0,748341.0,2020-03-24 17:43:13
2020-03-24 17:43:14,747919.0,748271.0,2020-03-24 17:43:14
2020-03-24 17:43:15,747919.0,748271.0,2020-03-24 17:43:15
2020-03-24 17:43:17,747919.0,748281.0,2020-03-24 17:43:16
2020-03-24 17:43:18,747919.0,748281.0,2020-03-24 17:43:18
2020-03-24 17:43:19,747972.0,748281.0,2020-03-24 17:43:19
2020-03-24 17:43:20,747972.0,748281.0,2020-03-24 17:43:20
2020-03-24 17:43:21,747997.0,748165.0,2020-03-24 17:43:21
2020-03-24 17:43:22,747997.0,748165.0,2020-03-24 17:43:22
2020-03-24 17:43:23,747997.0,748165.0,2020-03-24 17:43:23
2020-03-24 17:43:24,747997.0,748165.0,2020-03-24 17:43:24
2020-03-24 17:43:25,748111.0,748162.0,2020-03-24 17:43:25
2020-03-24 17:43:26,748111.0,748162.0,2020-03-24 17:43:26
2020-03-24 17:43:27,748000.0,748326.0,2020-03-24 17:43:27
2020-03-24 17:43:28,747967.0,748319.0,2020-03-24 17:43:28
2020-03-24 17:43:29,747967.0,748319.0,2020-03-24 17:43:29
2020-03-24 17:43:31,747961.0,748308.0,2020-03-24 17:43:30
2020-03-24 17:43:32,747961.0,748308.0,2020-03-24 17:43:32
2020-03-24 17:43:33,747668.0,748165.0,2020-03-24 17:43:33
2020-03-24 17:43:34,747668.0,748165.0,2020-03-24 17:43:34
2020-03-24 17:43:35,747449.0,747483.0,2020-03-24 17:43:35
2020-03-24 17:43:36,747449.0,747483.0,2020-03-24 17:43:36
2020-03-24 17:43:37,747449.0,747810.0,2020-03-24 17:43:37
2020-03-24 17:43:38,747449.0,747810.0,2020-03-24 17:43:38
2020-03-24 17:43:39,747329.0,747373.0,2020-03-24 17:43:39
2020-03-24 17:43:40,747329.0,747373.0,2020-03-24 17:43:40
2020-03-24 17:43:41,747329.0,747548.0,2020-03-24 17:43:41
2020-03-24 17:43:42,747329.0,747548.0,2020-03-24 17:43:42
2020-03-24 17:43:44,747152.0,747547.0,2020-03-24 17:43:43
2020-03-24 17:43:45,747152.0,747547.0,2020-03-24 17:43:45
2020-03-24 17:43:46,747197.0,747461.0,2020-03-24 17:43:46
2020-03-24 17:43:47,747197.0,747461.0,2020-03-24 17:43:47
2020-03-24 17:43:48,747197.0,747461.0,2020-03-24 17:43:48
2020-03-24 17:43:49,747197.0,747461.0,2020-03-24 17:43:49
2020-03-24 17:43:50,746441.0,746685.0,2020-03-24 17:43:50
2020-03-24 17:43:51,746441.0,746685.0,2020-03-24 17:43:51
2020-03-24 17:43:52,746685.0,746901.0,2020-03-24 17:43:52
2020-03-24 17:43:53,746685.0,746901.0,2020-03-24 17:43:53
2020-03-24 17:43:54,746750.0,746914.0,2020-03-24 17:43:54
2020-03-24 17:43:56,746750.0,746914.0,2020-03-24 17:43:55
2020-03-24 17:43:57,747038.0,747184.0,2020-03-24 17:43:57
2020-03-24 17:43:58,747213.0,747325.0,2020-03-24 17:43:58
2020-03-24 17:43:59,747213.0,747325.0,2020-03-24 17:43:59
2020-03-24 17:44:00,746987.0,747049.0,2020-03-24 17:44:00
2020-03-24 17:44:01,746987.0,747049.0,2020-03-24 17:44:01
2020-03-24 17:44:02,747047.0,747049.0,2020-03-24 17:44:02
2020-03-24 17:44:03,747047.0,747049.0,2020-03-24 17:44:03
2020-03-24 17:44:04,747806.0,748000.0,2020-03-24 17:44:04
2020-03-24 17:44:05,747806.0,748000.0,2020-03-24 17:44:05
2020-03-24 17:44:06,748145.0,748453.0,2020-03-24 17:44:06
2020-03-24 17:44:08,748145.0,748453.0,2020-03-24 17:44:07
2020-03-24 17:44:09,748176.0,748340.0,2020-03-24 17:44:09
2020-03-24 17:44:10,748176.0,748340.0,2020-03-24 17:44:10
2020-03-24 17:44:11,748188.0,748349.0,2020-03-24 17:44:11
2020-03-24 17:44:12,748188.0,748349.0,2020-03-24 17:44:12
2020-03-24 17:44:13,748204.0,748512.0,2020-03-24 17:44:13
2020-03-24 17:44:14,748204.0,748512.0,2020-03-24 17:44:14
2020-03-24 17:44:15,747920.0,748118.0,2020-03-24 17:44:15
2020-03-24 17:44:16,747920.0,748118.0,2020-03-24 17:44:16
2020-03-24 17:44:17,747750.0,747858.0,2020-03-24 17:44:17
2020-03-24 17:44:18,747750.0,747858.0,2020-03-24 17:44:18
2020-03-24 17:44:19,747681.0,747694.0,2020-03-24 17:44:19
2020-03-24 17:44:21,747681.0,747694.0,2020-03-24 17:44:20
2020-03-24 17:44:22,747123.0,747402.0,2020-03-24 17:44:22
2020-03-24 17:44:23,747123.0,747402.0,2020-03-24 17:44:23
2020-03-24 17:44:24,746960.0,747282.0,2020-03-24 17:44:24
2020-03-24 17:44:25,746960.0,747282.0,2020-03-24 17:44:25
2020-03-24 17:44:26,746917.0,747187.0,2020-03-24 17:44:26
2020-03-24 17:44:27,746917.0,747187.0,2020-03-24 17:44:27
2020-03-24 17:44:28,746859.0,747211.0,2020-03-24 17:44:28
2020-03-24 17:44:29,746859.0,747211.0,2020-03-24 17:44:29
2020-03-24 17:44:30,746572.0,746820.0,2020-03-24 17:44:30
2020-03-24 17:44:31,746152.0,746240.0,2020-03-24 17:44:31
2020-03-24 17:44:33,746152.0,746240.0,2020-03-24 17:44:32
2020-03-24 17:44:34,746152.0,746240.0,2020-03-24 17:44:34
2020-03-24 17:44:35,746152.0,746240.0,2020-03-24 17:44:35
2020-03-24 17:44:36,746152.0,746240.0,2020-03-24 17:44:36
2020-03-24 17:44:37,746152.0,746240.0,2020-03-24 17:44:37
2020-03-24 17:44:38,745034.0,745377.0,2020-03-24 17:44:38
2020-03-24 17:44:39,745034.0,745377.0,2020-03-24 17:44:39
2020-03-24 17:44:40,744958.0,745569.0,2020-03-24 17:44:40
2020-03-24 17:44:41,744958.0,745569.0,2020-03-24 17:44:41
2020-03-24 17:44:42,745141.0,745472.0,2020-03-24 17:44:42
2020-03-24 17:44:43,745141.0,745472.0,2020-03-24 17:44:43
2020-03-24 17:44:44,745311.0,745487.0,2020-03-24 17:44:44
2020-03-24 17:44:46,745311.0,745487.0,2020-03-24 17:44:45
2020-03-24 17:44:47,745669.0,745732.0,2020-03-24 17:44:47
2020-03-24 17:44:48,745669.0,745732.0,2020-03-24 17:44:48
2020-03-24 17:44:49,745792.0,745979.0,2020-03-24 17:44:49
2020-03-24 17:44:50,745792.0,745979.0,2020-03-24 17:44:50
2020-03-24 17:44:51,745556.0,745712.0,2020-03-24 17:44:51
2020-03-24 17:44:52,745556.0,745712.0,2020-03-24 17:44:52
2020-03-24 17:44:53,745490.0,745710.0,2020-03-24 17:44:53
2020-03-24 17:44:54,745490.0,745710.0,2020-03-24 17:44:54
2020-03-24 17:44:55,745200.0,745348.0,2020-03-24 17:44:55
2020-03-24 17:44:56,745200.0,745348.0,2020-03-24 17:44:56
2020-03-24 17:44:57,745154.0,745382.0,2020-03-24 17:44:57
2020-03-24 17:44:58,745154.0,745382.0,2020-03-24 17:44:58
2020-03-24 17:45:00,745203.0,745381.0,2020-03-24 17:44:59
2020-03-24 17:45:01,745203.0,745381.0,2020-03-24 17:45:01
2020-03-24 17:45:02,744115.0,744661.0,2020-03-24 17:45:02
2020-03-24 17:45:03,744115.0,744661.0,2020-03-24 17:45:03
2020-03-24 17:45:04,744060.0,744596.0,2020-03-24 17:45:04
2020-03-24 17:45:05,743735.0,743899.0,2020-03-24 17:45:05
2020-03-24 17:45:06,743735.0,743899.0,2020-03-24 17:45:06
2020-03-24 17:45:07,743669.0,743959.0,2020-03-24 17:45:07
2020-03-24 17:45:08,743669.0,743959.0,2020-03-24 17:45:08
2020-03-24 17:45:09,744237.0,744535.0,2020-03-24 17:45:09
2020-03-24 17:45:10,744237.0,744535.0,2020-03-24 17:45:10
2020-03-24 17:45:12,744490.0,744849.0,2020-03-24 17:45:11
2020-03-24 17:45:13,744490.0,744849.0,2020-03-24 17:45:13
2020-03-24 17:45:14,744566.0,745082.0,2020-03-24 17:45:14
2020-03-24 17:45:15,744566.0,745082.0,2020-03-24 17:45:15
2020-03-24 17:45:16,744566.0,745082.0,2020-03-24 17:45:16
2020-03-24 17:45:17,744566.0,745082.0,2020-03-24 17:45:17
2020-03-24 17:45:18,744566.0,745082.0,2020-03-24 17:45:18
2020-03-24 17:45:19,744566.0,745082.0,2020-03-24 17:45:19
2020-03-24 17:45:20,744607.0,745082.0,2020-03-24 17:45:20
2020-03-24 17:45:21,744607.0,745082.0,2020-03-24 17:45:21
2020-03-24 17:45:22,744607.0,745082.0,2020-03-24 17:45:22
2020-03-24 17:45:23,744607.0,745082.0,2020-03-24 17:45:23
2020-03-24 17:45:24,744607.0,745082.0,2020-03-24 17:45:24
2020-03-24 17:45:25,744607.0,745082.0,2020-03-24 17:45:25
2020-03-24 17:45:27,744491.0,744836.0,2020-03-24 17:45:27
2020-03-24 17:45:28,744491.0,744836.0,2020-03-24 17:45:28
2020-03-24 17:45:29,745159.0,745373.0,2020-03-24 17:45:29
2020-03-24 17:45:30,745159.0,745373.0,2020-03-24 17:45:30
2020-03-24 17:45:31,745159.0,745373.0,2020-03-24 17:45:31
2020-03-24 17:45:32,745159.0,745373.0,2020-03-24 17:45:32
2020-03-24 17:45:33,745243.0,745607.0,2020-03-24 17:45:33
2020-03-24 17:45:34,745243.0,745607.0,2020-03-24 17:45:34
2020-03-24 17:45:35,745206.0,745557.0,2020-03-24 17:45:35
2020-03-24 17:45:36,745206.0,745557.0,2020-03-24 17:45:36
2020-03-24 17:45:37,745267.0,745684.0,2020-03-24 17:45:37
2020-03-24 17:45:39,745267.0,745684.0,2020-03-24 17:45:38
2020-03-24 17:45:40,745340.0,745767.0,2020-03-24 17:45:40
2020-03-24 17:45:41,745438.0,745844.0,2020-03-24 17:45:41
2020-03-24 17:45:42,745438.0,745844.0,2020-03-24 17:45:42
2020-03-24 17:45:43,745439.0,745664.0,2020-03-24 17:45:43
2020-03-24 17:45:44,745439.0,745664.0,2020-03-24 17:45:44
2020-03-24 17:45:45,745439.0,745664.0,2020-03-24 17:45:45
2020-03-24 17:45:46,745439.0,745664.0,2020-03-24 17:45:46
2020-03-24 17:45:47,745621.0,745623.0,2020-03-24 17:45:47
2020-03-24 17:45:48,745621.0,745623.0,2020-03-24 17:45:48
2020-03-24 17:45:49,745349.0,745671.0,2020-03-24 17:45:49
2020-03-24 17:45:50,745349.0,745671.0,2020-03-24 17:45:50
2020-03-24 17:45:51,745350.0,745841.0,2020-03-24 17:45:51
2020-03-24 17:45:53,745350.0,745841.0,2020-03-24 17:45:52
2020-03-24 17:45:54,746203.0,746470.0,2020-03-24 17:45:54
2020-03-24 17:45:55,746203.0,746470.0,2020-03-24 17:45:55
2020-03-24 17:45:56,746196.0,746261.0,2020-03-24 17:45:56
2020-03-24 17:45:57,746196.0,746261.0,2020-03-24 17:45:57
2020-03-24 17:45:58,746318.0,746602.0,2020-03-24 17:45:58
2020-03-24 17:45:59,746318.0,746602.0,2020-03-24 17:45:59
2020-03-24 17:46:00,746633.0,746714.0,2020-03-24 17:46:00
2020-03-24 17:46:01,746633.0,746714.0,2020-03-24 17:46:01
2020-03-24 17:46:02,746603.0,746962.0,2020-03-24 17:46:02
2020-03-24 17:46:03,746603.0,746962.0,2020-03-24 17:46:03
2020-03-24 17:46:04,746288.0,746500.0,2020-03-24 17:46:04
2020-03-24 17:46:05,746288.0,746500.0,2020-03-24 17:46:05
2020-03-24 17:46:07,746288.0,746500.0,2020-03-24 17:46:06
2020-03-24 17:46:08,746288.0,746500.0,2020-03-24 17:46:08
2020-03-24 17:46:09,746288.0,746500.0,2020-03-24 17:46:09
2020-03-24 17:46:10,746288.0,746500.0,2020-03-24 17:46:10
2020-03-24 17:46:11,746278.0,746500.0,2020-03-24 17:46:11
2020-03-24 17:46:12,746278.0,746500.0,2020-03-24 17:46:12
2020-03-24 17:46:13,746642.0,746654.0,2020-03-24 17:46:13
2020-03-24 17:46:14,746642.0,746654.0,2020-03-24 17:46:14
2020-03-24 17:46:15,746667.0,746967.0,2020-03-24 17:46:15
2020-03-24 17:46:16,746667.0,746967.0,2020-03-24 17:46:16
2020-03-24 17:46:17,746477.0,746901.0,2020-03-24 17:46:17
2020-03-24 17:46:18,746477.0,746901.0,2020-03-24 17:46:18
2020-03-24 17:46:19,746284.0,746854.0,2020-03-24 17:46:19
2020-03-24 17:46:20,746284.0,746854.0,2020-03-24 17:46:20
2020-03-24 17:46:22,746284.0,746854.0,2020-03-24 17:46:21
2020-03-24 17:46:23,746284.0,746854.0,2020-03-24 17:46:23
2020-03-24 17:46:24,745601.0,745964.0,2020-03-24 17:46:24
2020-03-24 17:46:25,745601.0,745964.0,2020-03-24 17:46:25
2020-03-24 17:46:26,745222.0,745479.0,2020-03-24 17:46:26
2020-03-24 17:46:27,745357.0,745549.0,2020-03-24 17:46:27
2020-03-24 17:46:28,745357.0,745549.0,2020-03-24 17:46:28
2020-03-24 17:46:29,744414.0,744549.0,2020-03-24 17:46:29
2020-03-24 17:46:30,744414.0,744549.0,2020-03-24 17:46:30
2020-03-24 17:46:31,744796.0,744830.0,2020-03-24 17:46:31
2020-03-24 17:46:32,744796.0,744830.0,2020-03-24 17:46:32
2020-03-24 17:46:33,744688.0,745007.0,2020-03-24 17:46:33
2020-03-24 17:46:35,744688.0,745007.0,2020-03-24 17:46:34
2020-03-24 17:46:36,744738.0,745020.0,2020-03-24 17:46:36
2020-03-24 17:46:37,744738.0,745020.0,2020-03-24 17:46:37
2020-03-24 17:46:38,744738.0,744959.0,2020-03-24 17:46:38
2020-03-24 17:46:39,744738.0,744959.0,2020-03-24 17:46:39
2020-03-24 17:46:40,745080.0,745222.0,2020-03-24 17:46:40
2020-03-24 17:46:41,745080.0,745222.0,2020-03-24 17:46:41
2020-03-24 17:46:42,745100.0,745710.0,2020-03-24 17:46:42
2020-03-24 17:46:43,745100.0,745710.0,2020-03-24 17:46:43
2020-03-24 17:46:44,745066.0,745362.0,2020-03-24 17:46:44
2020-03-24 17:46:45,745066.0,745362.0,2020-03-24 17:46:45
2020-03-24 17:46:46,745096.0,745362.0,2020-03-24 17:46:46
2020-03-24 17:46:47,745096.0,745362.0,2020-03-24 17:46:47
2020-03-24 17:46:49,745066.0,745379.0,2020-03-24 17:46:48
2020-03-24 17:46:50,745066.0,745379.0,2020-03-24 17:46:50
2020-03-24 17:46:51,745066.0,745449.0,2020-03-24 17:46:51
2020-03-24 17:46:52,745066.0,745449.0,2020-03-24 17:46:52
2020-03-24 17:46:53,745066.0,745449.0,2020-03-24 17:46:53
2020-03-24 17:46:54,745066.0,745449.0,2020-03-24 17:46:54
2020-03-24 17:46:55,745066.0,745449.0,2020-03-24 17:46:55
2020-03-24 17:46:56,745066.0,745449.0,2020-03-24 17:46:56
2020-03-24 17:46:57,745008.0,745109.0,2020-03-24 17:46:57
2020-03-24 17:46:58,745008.0,745109.0,2020-03-24 17:46:58
2020-03-24 17:47:00,744643.0,745022.0,2020-03-24 17:46:59
2020-03-24 17:47:01,744643.0,745022.0,2020-03-24 17:47:01
2020-03-24 17:47:02,744720.0,744781.0,2020-03-24 17:47:02
2020-03-24 17:47:03,744722.0,745073.0,2020-03-24 17:47:03
2020-03-24 17:47:04,744722.0,745073.0,2020-03-24 17:47:04
2020-03-24 17:47:05,744463.0,744655.0,2020-03-24 17:47:05
2020-03-24 17:47:06,744463.0,744655.0,2020-03-24 17:47:06
2020-03-24 17:47:07,744410.0,744553.0,2020-03-24 17:47:07
2020-03-24 17:47:08,744410.0,744553.0,2020-03-24 17:47:08
2020-03-24 17:47:10,744176.0,744331.0,2020-03-24 17:47:09
2020-03-24 17:47:11,744176.0,744331.0,2020-03-24 17:47:11
2020-03-24 17:47:12,744031.0,744331.0,2020-03-24 17:47:12
2020-03-24 17:47:13,744031.0,744331.0,2020-03-24 17:47:13
2020-03-24 17:47:14,744031.0,744353.0,2020-03-24 17:47:14
2020-03-24 17:47:15,744031.0,744353.0,2020-03-24 17:47:15
2020-03-24 17:47:16,743709.0,744031.0,2020-03-24 17:47:16
2020-03-24 17:47:17,743709.0,744031.0,2020-03-24 17:47:17
2020-03-24 17:47:18,743682.0,743928.0,2020-03-24 17:47:18
2020-03-24 17:47:19,743682.0,743928.0,2020-03-24 17:47:19
2020-03-24 17:47:20,743637.0,743899.0,2020-03-24 17:47:20
2020-03-24 17:47:21,743637.0,743899.0,2020-03-24 17:47:21
2020-03-24 17:47:23,743308.0,744096.0,2020-03-24 17:47:22
2020-03-24 17:47:24,743308.0,744096.0,2020-03-24 17:47:24
2020-03-24 17:47:25,743312.0,743683.0,2020-03-24 17:47:25
2020-03-24 17:47:26,743312.0,743683.0,2020-03-24 17:47:26
2020-03-24 17:47:27,743324.0,743741.0,2020-03-24 17:47:27
2020-03-24 17:47:28,743324.0,743741.0,2020-03-24 17:47:28
2020-03-24 17:47:29,743322.0,743323.0,2020-03-24 17:47:29
2020-03-24 17:47:30,743322.0,743323.0,2020-03-24 17:47:30
2020-03-24 17:47:32,742612.0,743085.0,2020-03-24 17:47:31
2020-03-24 17:47:33,742632.0,743081.0,2020-03-24 17:47:33
2020-03-24 17:47:34,742632.0,743081.0,2020-03-24 17:47:34
2020-03-24 17:47:35,742650.0,743043.0,2020-03-24 17:47:35
2020-03-24 17:47:36,742650.0,743043.0,2020-03-24 17:47:36
2020-03-24 17:47:37,742500.0,742871.0,2020-03-24 17:47:37
2020-03-24 17:47:39,742273.0,742807.0,2020-03-24 17:47:39
2020-03-24 17:47:40,742273.0,742807.0,2020-03-24 17:47:40
2020-03-24 17:47:41,742513.0,742782.0,2020-03-24 17:47:41
2020-03-24 17:47:42,742513.0,742782.0,2020-03-24 17:47:42
2020-03-24 17:47:43,742513.0,742782.0,2020-03-24 17:47:43
2020-03-24 17:47:44,742513.0,742782.0,2020-03-24 17:47:44
2020-03-24 17:47:45,742513.0,742782.0,2020-03-24 17:47:45
2020-03-24 17:47:46,742513.0,742782.0,2020-03-24 17:47:46
2020-03-24 17:47:48,742513.0,742782.0,2020-03-24 17:47:48
2020-03-24 17:47:49,742513.0,742782.0,2020-03-24 17:47:49
2020-03-24 17:47:50,742151.0,742866.0,2020-03-24 17:47:50
2020-03-24 17:47:51,742433.0,742758.0,2020-03-24 17:47:51
2020-03-24 17:47:52,742433.0,742758.0,2020-03-24 17:47:52
2020-03-24 17:47:53,742433.0,742758.0,2020-03-24 17:47:53
2020-03-24 17:47:55,742433.0,742758.0,2020-03-24 17:47:54
2020-03-24 17:47:56,742084.0,742674.0,2020-03-24 17:47:56
2020-03-24 17:47:57,742084.0,742674.0,2020-03-24 17:47:57
2020-03-24 17:47:58,742317.0,742674.0,2020-03-24 17:47:58
2020-03-24 17:47:59,742317.0,742674.0,2020-03-24 17:47:59
2020-03-24 17:48:00,741791.0,742418.0,2020-03-24 17:48:00
2020-03-24 17:48:01,741791.0,742418.0,2020-03-24 17:48:01
2020-03-24 17:48:02,741808.0,742052.0,2020-03-24 17:48:02
2020-03-24 17:48:03,741808.0,742052.0,2020-03-24 17:48:03
2020-03-24 17:48:04,742790.0,742824.0,2020-03-24 17:48:04
2020-03-24 17:48:05,742790.0,742824.0,2020-03-24 17:48:05
2020-03-24 17:48:06,743127.0,743387.0,2020-03-24 17:48:06
2020-03-24 17:48:07,743127.0,743387.0,2020-03-24 17:48:07
2020-03-24 17:48:09,743207.0,743445.0,2020-03-24 17:48:08
2020-03-24 17:48:10,743207.0,743445.0,2020-03-24 17:48:10
2020-03-24 17:48:11,743082.0,743380.0,2020-03-24 17:48:11
2020-03-24 17:48:12,743082.0,743380.0,2020-03-24 17:48:12
2020-03-24 17:48:13,743082.0,743795.0,2020-03-24 17:48:13
2020-03-24 17:48:14,743082.0,743795.0,2020-03-24 17:48:14
2020-03-24 17:48:15,743090.0,743662.0,2020-03-24 17:48:15
2020-03-24 17:48:16,743090.0,743662.0,2020-03-24 17:48:16
2020-03-24 17:48:17,742713.0,742965.0,2020-03-24 17:48:17
2020-03-24 17:48:18,742713.0,742965.0,2020-03-24 17:48:18
2020-03-24 17:48:19,742436.0,742641.0,2020-03-24 17:48:19
2020-03-24 17:48:20,742436.0,742641.0,2020-03-24 17:48:20
2020-03-24 17:48:21,742832.0,743259.0,2020-03-24 17:48:21
2020-03-24 17:48:23,742832.0,743259.0,2020-03-24 17:48:22
2020-03-24 17:48:24,742720.0,742965.0,2020-03-24 17:48:24
2020-03-24 17:48:25,742720.0,742965.0,2020-03-24 17:48:25
2020-03-24 17:48:26,742123.0,742566.0,2020-03-24 17:48:26
2020-03-24 17:48:27,742123.0,742566.0,2020-03-24 17:48:27
2020-03-24 17:48:28,741780.0,742511.0,2020-03-24 17:48:28
2020-03-24 17:48:29,741780.0,742511.0,2020-03-24 17:48:29
2020-03-24 17:48:30,741973.0,742356.0,2020-03-24 17:48:30
2020-03-24 17:48:31,741973.0,742356.0,2020-03-24 17:48:31
2020-03-24 17:48:32,741973.0,742356.0,2020-03-24 17:48:32
2020-03-24 17:48:33,741973.0,742356.0,2020-03-24 17:48:33
2020-03-24 17:48:34,741831.0,742438.0,2020-03-24 17:48:34
2020-03-24 17:48:35,741831.0,742438.0,2020-03-24 17:48:35
2020-03-24 17:48:36,742250.0,742427.0,2020-03-24 17:48:36
2020-03-24 17:48:37,742250.0,742427.0,2020-03-24 17:48:37
2020-03-24 17:48:39,742126.0,742557.0,2020-03-24 17:48:38
2020-03-24 17:48:40,742126.0,742557.0,2020-03-24 17:48:40
2020-03-24 17:48:41,742126.0,742557.0,2020-03-24 17:48:41
2020-03-24 17:48:42,742126.0,742557.0,2020-03-24 17:48:42
2020-03-24 17:48:43,742237.0,742556.0,2020-03-24 17:48:43
2020-03-24 17:48:44,742237.0,742556.0,2020-03-24 17:48:44
2020-03-24 17:48:45,741967.0,742181.0,2020-03-24 17:48:45
2020-03-24 17:48:46,741967.0,742181.0,2020-03-24 17:48:46
2020-03-24 17:48:47,742017.0,742390.0,2020-03-24 17:48:47
2020-03-24 17:48:48,742252.0,742455.0,2020-03-24 17:48:48
2020-03-24 17:48:49,742252.0,742455.0,2020-03-24 17:48:49
2020-03-24 17:48:50,742281.0,742319.0,2020-03-24 17:48:50
2020-03-24 17:48:51,742281.0,742319.0,2020-03-24 17:48:51
2020-03-24 17:48:52,742368.0,742500.0,2020-03-24 17:48:52
2020-03-24 17:48:54,742368.0,742500.0,2020-03-24 17:48:53
2020-03-24 17:48:55,742433.0,742500.0,2020-03-24 17:48:55
2020-03-24 17:48:56,742433.0,742500.0,2020-03-24 17:48:56
2020-03-24 17:48:57,742652.0,742815.0,2020-03-24 17:48:57
2020-03-24 17:48:58,742652.0,742815.0,2020-03-24 17:48:58
2020-03-24 17:48:59,742024.0,742251.0,2020-03-24 17:48:59
2020-03-24 17:49:00,742024.0,742251.0,2020-03-24 17:49:00
2020-03-24 17:49:01,742006.0,742043.0,2020-03-24 17:49:01
2020-03-24 17:49:02,742006.0,742043.0,2020-03-24 17:49:02
2020-03-24 17:49:03,741436.0,741495.0,2020-03-24 17:49:03
2020-03-24 17:49:04,741436.0,741495.0,2020-03-24 17:49:04
2020-03-24 17:49:06,741540.0,741668.0,2020-03-24 17:49:05
2020-03-24 17:49:07,741540.0,741668.0,2020-03-24 17:49:07
2020-03-24 17:49:08,741581.0,741936.0,2020-03-24 17:49:08
2020-03-24 17:49:09,741581.0,741936.0,2020-03-24 17:49:09
2020-03-24 17:49:10,741486.0,742014.0,2020-03-24 17:49:10
2020-03-24 17:49:11,741486.0,742014.0,2020-03-24 17:49:11
2020-03-24 17:49:12,741936.0,741954.0,2020-03-24 17:49:12
2020-03-24 17:49:13,741936.0,741954.0,2020-03-24 17:49:13
2020-03-24 17:49:14,741945.0,742003.0,2020-03-24 17:49:14
2020-03-24 17:49:15,741945.0,742003.0,2020-03-24 17:49:15
2020-03-24 17:49:16,741945.0,742003.0,2020-03-24 17:49:16
2020-03-24 17:49:17,741945.0,742003.0,2020-03-24 17:49:17
2020-03-24 17:49:18,741945.0,742003.0,2020-03-24 17:49:18
2020-03-24 17:49:20,741945.0,742003.0,2020-03-24 17:49:19
2020-03-24 17:49:21,742833.0,743053.0,2020-03-24 17:49:21
2020-03-24 17:49:22,742833.0,743053.0,2020-03-24 17:49:22
2020-03-24 17:49:23,743000.0,743234.0,2020-03-24 17:49:23
2020-03-24 17:49:24,743000.0,743234.0,2020-03-24 17:49:24
2020-03-24 17:49:25,742995.0,743099.0,2020-03-24 17:49:25
2020-03-24 17:49:26,742995.0,743099.0,2020-03-24 17:49:26
2020-03-24 17:49:27,742995.0,743099.0,2020-03-24 17:49:27
2020-03-24 17:49:28,743279.0,743357.0,2020-03-24 17:49:28
2020-03-24 17:49:29,743660.0,743814.0,2020-03-24 17:49:29
2020-03-24 17:49:30,743308.0,743401.0,2020-03-24 17:49:30
2020-03-24 17:49:31,743308.0,743401.0,2020-03-24 17:49:31
2020-03-24 17:49:33,743330.0,743643.0,2020-03-24 17:49:32
2020-03-24 17:49:34,743330.0,743643.0,2020-03-24 17:49:34
2020-03-24 17:49:35,743390.0,743643.0,2020-03-24 17:49:35
2020-03-24 17:49:36,743390.0,743643.0,2020-03-24 17:49:36
2020-03-24 17:49:37,743428.0,743590.0,2020-03-24 17:49:37
2020-03-24 17:49:38,743428.0,743590.0,2020-03-24 17:49:38
2020-03-24 17:49:39,743393.0,743595.0,2020-03-24 17:49:39
2020-03-24 17:49:40,743393.0,743595.0,2020-03-24 17:49:40
2020-03-24 17:49:41,743464.0,743945.0,2020-03-24 17:49:41
2020-03-24 17:49:42,743464.0,743945.0,2020-03-24 17:49:42
2020-03-24 17:49:44,743949.0,744190.0,2020-03-24 17:49:43
2020-03-24 17:49:45,743949.0,744190.0,2020-03-24 17:49:45
2020-03-24 17:49:46,743949.0,744186.0,2020-03-24 17:49:46
2020-03-24 17:49:47,743949.0,744186.0,2020-03-24 17:49:47
2020-03-24 17:49:48,743763.0,743958.0,2020-03-24 17:49:48
2020-03-24 17:49:49,743763.0,743958.0,2020-03-24 17:49:49
2020-03-24 17:49:50,743514.0,743619.0,2020-03-24 17:49:50
2020-03-24 17:49:51,743514.0,743619.0,2020-03-24 17:49:51
2020-03-24 17:49:52,743112.0,743244.0,2020-03-24 17:49:52
2020-03-24 17:49:53,743112.0,743244.0,2020-03-24 17:49:53
2020-03-24 17:49:54,743112.0,743213.0,2020-03-24 17:49:54
2020-03-24 17:49:55,743112.0,743213.0,2020-03-24 17:49:55
2020-03-24 17:49:56,742816.0,743086.0,2020-03-24 17:49:56
2020-03-24 17:49:58,742816.0,743086.0,2020-03-24 17:49:57
2020-03-24 17:49:59,742316.0,742434.0,2020-03-24 17:49:59
2020-03-24 17:50:00,742316.0,742434.0,2020-03-24 17:50:00
2020-03-24 17:50:01,742236.0,742519.0,2020-03-24 17:50:01
2020-03-24 17:50:02,742236.0,742519.0,2020-03-24 17:50:02
2020-03-24 17:50:03,742249.0,742404.0,2020-03-24 17:50:03
2020-03-24 17:50:04,742249.0,742347.0,2020-03-24 17:50:04
2020-03-24 17:50:05,742249.0,742347.0,2020-03-24 17:50:05
2020-03-24 17:50:06,741908.0,742224.0,2020-03-24 17:50:06
2020-03-24 17:50:07,741908.0,742224.0,2020-03-24 17:50:07
2020-03-24 17:50:09,741908.0,742224.0,2020-03-24 17:50:08
2020-03-24 17:50:10,741908.0,742224.0,2020-03-24 17:50:10
2020-03-24 17:50:11,741908.0,742224.0,2020-03-24 17:50:11
2020-03-24 17:50:12,741908.0,742224.0,2020-03-24 17:50:12
2020-03-24 17:50:13,742340.0,742693.0,2020-03-24 17:50:13
2020-03-24 17:50:14,742340.0,742693.0,2020-03-24 17:50:14
2020-03-24 17:50:15,742192.0,742627.0,2020-03-24 17:50:15
2020-03-24 17:50:16,742192.0,742627.0,2020-03-24 17:50:16
2020-03-24 17:50:17,742244.0,742544.0,2020-03-24 17:50:17
2020-03-24 17:50:18,742244.0,742544.0,2020-03-24 17:50:18
2020-03-24 17:50:19,742246.0,742495.0,2020-03-24 17:50:19
2020-03-24 17:50:20,742246.0,742495.0,2020-03-24 17:50:20
2020-03-24 17:50:21,742391.0,742493.0,2020-03-24 17:50:21
2020-03-24 17:50:23,742391.0,742493.0,2020-03-24 17:50:22
2020-03-24 17:50:24,742261.0,742741.0,2020-03-24 17:50:24
2020-03-24 17:50:25,742261.0,742741.0,2020-03-24 17:50:25
2020-03-24 17:50:26,742511.0,742741.0,2020-03-24 17:50:26
2020-03-24 17:50:27,742511.0,742741.0,2020-03-24 17:50:27
2020-03-24 17:50:28,742586.0,743033.0,2020-03-24 17:50:28
2020-03-24 17:50:29,742586.0,743033.0,2020-03-24 17:50:29
2020-03-24 17:50:30,743216.0,743453.0,2020-03-24 17:50:30
2020-03-24 17:50:31,743216.0,743453.0,2020-03-24 17:50:31
2020-03-24 17:50:32,743268.0,743445.0,2020-03-24 17:50:32
2020-03-24 17:50:33,743268.0,743445.0,2020-03-24 17:50:33
2020-03-24 17:50:34,743269.0,743443.0,2020-03-24 17:50:34
2020-03-24 17:50:36,743269.0,743443.0,2020-03-24 17:50:35
2020-03-24 17:50:37,743610.0,743760.0,2020-03-24 17:50:37
2020-03-24 17:50:38,743484.0,743760.0,2020-03-24 17:50:38
2020-03-24 17:50:39,743484.0,743671.0,2020-03-24 17:50:39
2020-03-24 17:50:40,743342.0,743734.0,2020-03-24 17:50:40
2020-03-24 17:50:41,743342.0,743734.0,2020-03-24 17:50:41
2020-03-24 17:50:42,743749.0,743760.0,2020-03-24 17:50:42
2020-03-24 17:50:43,743749.0,743760.0,2020-03-24 17:50:43
2020-03-24 17:50:44,743570.0,743986.0,2020-03-24 17:50:44
2020-03-24 17:50:45,743570.0,743986.0,2020-03-24 17:50:45
2020-03-24 17:50:46,743620.0,743748.0,2020-03-24 17:50:46
2020-03-24 17:50:48,743620.0,743748.0,2020-03-24 17:50:47
2020-03-24 17:50:49,743500.0,743633.0,2020-03-24 17:50:49
2020-03-24 17:50:50,743500.0,743633.0,2020-03-24 17:50:50
2020-03-24 17:50:51,743502.0,743633.0,2020-03-24 17:50:51
2020-03-24 17:50:52,743502.0,743633.0,2020-03-24 17:50:52
2020-03-24 17:50:53,743228.0,743534.0,2020-03-24 17:50:53
2020-03-24 17:50:54,743228.0,743534.0,2020-03-24 17:50:54
2020-03-24 17:50:55,743267.0,743546.0,2020-03-24 17:50:55
2020-03-24 17:50:56,743267.0,743546.0,2020-03-24 17:50:56
2020-03-24 17:50:57,743295.0,743544.0,2020-03-24 17:50:57
2020-03-24 17:50:59,743295.0,743544.0,2020-03-24 17:50:58
2020-03-24 17:51:00,743172.0,743536.0,2020-03-24 17:51:00
2020-03-24 17:51:01,743000.0,743170.0,2020-03-24 17:51:01
2020-03-24 17:51:02,743000.0,743170.0,2020-03-24 17:51:02
2020-03-24 17:51:03,743000.0,743170.0,2020-03-24 17:51:03
2020-03-24 17:51:04,743000.0,743170.0,2020-03-24 17:51:04
2020-03-24 17:51:05,743032.0,743170.0,2020-03-24 17:51:05
2020-03-24 17:51:06,743032.0,743170.0,2020-03-24 17:51:06
2020-03-24 17:51:07,743045.0,743333.0,2020-03-24 17:51:07
2020-03-24 17:51:08,743045.0,743333.0,2020-03-24 17:51:08
2020-03-24 17:51:10,743045.0,743333.0,2020-03-24 17:51:09
2020-03-24 17:51:11,743045.0,743333.0,2020-03-24 17:51:11
2020-03-24 17:51:12,743045.0,743333.0,2020-03-24 17:51:12
2020-03-24 17:51:13,743045.0,743333.0,2020-03-24 17:51:13
2020-03-24 17:51:14,743000.0,743332.0,2020-03-24 17:51:14
2020-03-24 17:51:15,743000.0,743332.0,2020-03-24 17:51:15
2020-03-24 17:51:16,743306.0,743330.0,2020-03-24 17:51:16
2020-03-24 17:51:17,743306.0,743330.0,2020-03-24 17:51:17
2020-03-24 17:51:18,743440.0,743497.0,2020-03-24 17:51:18
2020-03-24 17:51:19,743440.0,743497.0,2020-03-24 17:51:19
2020-03-24 17:51:20,743753.0,743905.0,2020-03-24 17:51:20
2020-03-24 17:51:21,743753.0,743905.0,2020-03-24 17:51:21
2020-03-24 17:51:22,743754.0,743905.0,2020-03-24 17:51:22
2020-03-24 17:51:24,743754.0,743905.0,2020-03-24 17:51:23
2020-03-24 17:51:25,743642.0,743855.0,2020-03-24 17:51:25
2020-03-24 17:51:26,743642.0,743855.0,2020-03-24 17:51:26
2020-03-24 17:51:27,743870.0,744099.0,2020-03-24 17:51:27
2020-03-24 17:51:28,743870.0,744099.0,2020-03-24 17:51:28
2020-03-24 17:51:29,744000.0,744099.0,2020-03-24 17:51:29
2020-03-24 17:51:30,744000.0,744087.0,2020-03-24 17:51:30
2020-03-24 17:51:31,744000.0,744087.0,2020-03-24 17:51:31
2020-03-24 17:51:32,744000.0,744099.0,2020-03-24 17:51:32
2020-03-24 17:51:33,744000.0,744099.0,2020-03-24 17:51:33
2020-03-24 17:51:35,744723.0,744752.0,2020-03-24 17:51:34
2020-03-24 17:51:36,744723.0,744752.0,2020-03-24 17:51:36
2020-03-24 17:51:37,745254.0,745433.0,2020-03-24 17:51:37
2020-03-24 17:51:38,745254.0,745433.0,2020-03-24 17:51:38
2020-03-24 17:51:39,744765.0,745133.0,2020-03-24 17:51:39
2020-03-24 17:51:40,744765.0,745133.0,2020-03-24 17:51:40
2020-03-24 17:51:41,745218.0,745264.0,2020-03-24 17:51:41
2020-03-24 17:51:42,745218.0,745264.0,2020-03-24 17:51:42
2020-03-24 17:51:43,745173.0,745473.0,2020-03-24 17:51:43
2020-03-24 17:51:44,745173.0,745473.0,2020-03-24 17:51:44
2020-03-24 17:51:45,744680.0,744702.0,2020-03-24 17:51:45
2020-03-24 17:51:47,744680.0,744702.0,2020-03-24 17:51:46
2020-03-24 17:51:48,744740.0,744899.0,2020-03-24 17:51:48
2020-03-24 17:51:49,744740.0,744899.0,2020-03-24 17:51:49
2020-03-24 17:51:50,744946.0,745373.0,2020-03-24 17:51:50
2020-03-24 17:51:51,744946.0,745373.0,2020-03-24 17:51:51
2020-03-24 17:51:52,745080.0,745373.0,2020-03-24 17:51:52
2020-03-24 17:51:53,745080.0,745373.0,2020-03-24 17:51:53
2020-03-24 17:51:54,745130.0,745371.0,2020-03-24 17:51:54
2020-03-24 17:51:55,745130.0,745371.0,2020-03-24 17:51:55
2020-03-24 17:51:56,745130.0,745371.0,2020-03-24 17:51:56
2020-03-24 17:51:57,745130.0,745371.0,2020-03-24 17:51:57
2020-03-24 17:51:59,745130.0,745371.0,2020-03-24 17:51:58
2020-03-24 17:52:00,744704.0,744872.0,2020-03-24 17:52:00
2020-03-24 17:52:01,744704.0,744872.0,2020-03-24 17:52:01
2020-03-24 17:52:02,744950.0,745163.0,2020-03-24 17:52:02
2020-03-24 17:52:03,744950.0,745163.0,2020-03-24 17:52:03
2020-03-24 17:52:04,744991.0,745135.0,2020-03-24 17:52:04
2020-03-24 17:52:05,744991.0,745135.0,2020-03-24 17:52:05
2020-03-24 17:52:06,744967.0,745134.0,2020-03-24 17:52:06
2020-03-24 17:52:07,744967.0,745134.0,2020-03-24 17:52:07
2020-03-24 17:52:08,745088.0,745560.0,2020-03-24 17:52:08
2020-03-24 17:52:10,745088.0,745560.0,2020-03-24 17:52:09
2020-03-24 17:52:11,745074.0,745432.0,2020-03-24 17:52:11
2020-03-24 17:52:12,745074.0,745432.0,2020-03-24 17:52:12
2020-03-24 17:52:13,745074.0,745429.0,2020-03-24 17:52:13
2020-03-24 17:52:14,745074.0,745429.0,2020-03-24 17:52:14
2020-03-24 17:52:15,744875.0,745055.0,2020-03-24 17:52:15
2020-03-24 17:52:16,744875.0,745055.0,2020-03-24 17:52:16
2020-03-24 17:52:17,744678.0,745009.0,2020-03-24 17:52:17
2020-03-24 17:52:18,744678.0,745009.0,2020-03-24 17:52:18
2020-03-24 17:52:19,744749.0,745007.0,2020-03-24 17:52:19
2020-03-24 17:52:20,744749.0,745007.0,2020-03-24 17:52:20
2020-03-24 17:52:21,744537.0,744545.0,2020-03-24 17:52:21
2020-03-24 17:52:22,744538.0,744803.0,2020-03-24 17:52:22
2020-03-24 17:52:24,744538.0,744803.0,2020-03-24 17:52:23
2020-03-24 17:52:25,744712.0,744748.0,2020-03-24 17:52:25
2020-03-24 17:52:26,744712.0,744748.0,2020-03-24 17:52:26
2020-03-24 17:52:27,744712.0,744820.0,2020-03-24 17:52:27
2020-03-24 17:52:28,744712.0,744820.0,2020-03-24 17:52:28
2020-03-24 17:52:29,744565.0,744744.0,2020-03-24 17:52:29
2020-03-24 17:52:30,744565.0,744744.0,2020-03-24 17:52:30
2020-03-24 17:52:31,744467.0,744594.0,2020-03-24 17:52:31
2020-03-24 17:52:32,744467.0,744594.0,2020-03-24 17:52:32
2020-03-24 17:52:33,744467.0,744591.0,2020-03-24 17:52:33
2020-03-24 17:52:34,744467.0,744591.0,2020-03-24 17:52:34
2020-03-24 17:52:36,744264.0,744596.0,2020-03-24 17:52:35
2020-03-24 17:52:37,744264.0,744596.0,2020-03-24 17:52:37
2020-03-24 17:52:38,744162.0,744569.0,2020-03-24 17:52:38
2020-03-24 17:52:39,744162.0,744569.0,2020-03-24 17:52:39
2020-03-24 17:52:40,744188.0,744379.0,2020-03-24 17:52:40
2020-03-24 17:52:41,744188.0,744379.0,2020-03-24 17:52:41
2020-03-24 17:52:42,744174.0,744207.0,2020-03-24 17:52:42
2020-03-24 17:52:43,744174.0,744207.0,2020-03-24 17:52:43
2020-03-24 17:52:44,743445.0,743805.0,2020-03-24 17:52:44
2020-03-24 17:52:45,743317.0,743363.0,2020-03-24 17:52:45
2020-03-24 17:52:47,743317.0,743363.0,2020-03-24 17:52:47
2020-03-24 17:52:48,743317.0,743491.0,2020-03-24 17:52:48
2020-03-24 17:52:49,743317.0,743491.0,2020-03-24 17:52:49
2020-03-24 17:52:50,743317.0,743491.0,2020-03-24 17:52:50
2020-03-24 17:52:51,743317.0,743491.0,2020-03-24 17:52:51
2020-03-24 17:52:53,743317.0,743491.0,2020-03-24 17:52:52
2020-03-24 17:52:54,743317.0,743491.0,2020-03-24 17:52:54
2020-03-24 17:52:55,742599.0,742769.0,2020-03-24 17:52:55
2020-03-24 17:52:56,742246.0,742532.0,2020-03-24 17:52:56
2020-03-24 17:52:57,742246.0,742532.0,2020-03-24 17:52:57
2020-03-24 17:52:58,742815.0,742890.0,2020-03-24 17:52:58
2020-03-24 17:52:59,742815.0,742890.0,2020-03-24 17:52:59
2020-03-24 17:53:00,742757.0,742831.0,2020-03-24 17:53:00
2020-03-24 17:53:01,742757.0,742831.0,2020-03-24 17:53:01
2020-03-24 17:53:02,743086.0,743260.0,2020-03-24 17:53:02
2020-03-24 17:53:04,743086.0,743260.0,2020-03-24 17:53:04
2020-03-24 17:53:05,743121.0,743234.0,2020-03-24 17:53:05
2020-03-24 17:53:06,743121.0,743234.0,2020-03-24 17:53:06
2020-03-24 17:53:07,743708.0,743918.0,2020-03-24 17:53:07
2020-03-24 17:53:08,743708.0,743918.0,2020-03-24 17:53:08
2020-03-24 17:53:09,743683.0,743703.0,2020-03-24 17:53:09
2020-03-24 17:53:11,743683.0,743703.0,2020-03-24 17:53:10
2020-03-24 17:53:12,743615.0,743684.0,2020-03-24 17:53:12
2020-03-24 17:53:13,743615.0,743684.0,2020-03-24 17:53:13
2020-03-24 17:53:14,743598.0,743953.0,2020-03-24 17:53:14
2020-03-24 17:53:15,743598.0,743953.0,2020-03-24 17:53:15
2020-03-24 17:53:16,743307.0,743608.0,2020-03-24 17:53:16
2020-03-24 17:53:17,743307.0,743608.0,2020-03-24 17:53:17
2020-03-24 17:53:18,743357.0,743518.0,2020-03-24 17:53:18
2020-03-24 17:53:19,743423.0,743516.0,2020-03-24 17:53:19
2020-03-24 17:53:20,743423.0,743516.0,2020-03-24 17:53:20
2020-03-24 17:53:21,743483.0,743678.0,2020-03-24 17:53:21
2020-03-24 17:53:23,743483.0,743678.0,2020-03-24 17:53:22
2020-03-24 17:53:24,743652.0,743795.0,2020-03-24 17:53:24
2020-03-24 17:53:25,743652.0,743795.0,2020-03-24 17:53:25
2020-03-24 17:53:26,743652.0,743795.0,2020-03-24 17:53:26
2020-03-24 17:53:27,743652.0,743795.0,2020-03-24 17:53:27
2020-03-24 17:53:28,743351.0,743696.0,2020-03-24 17:53:28
2020-03-24 17:53:29,743351.0,743696.0,2020-03-24 17:53:29
2020-03-24 17:53:30,743387.0,743695.0,2020-03-24 17:53:30
2020-03-24 17:53:31,743387.0,743695.0,2020-03-24 17:53:31
2020-03-24 17:53:32,743479.0,743644.0,2020-03-24 17:53:32
2020-03-24 17:53:33,743479.0,743644.0,2020-03-24 17:53:33
2020-03-24 17:53:34,743892.0,743989.0,2020-03-24 17:53:34
2020-03-24 17:53:36,743892.0,743989.0,2020-03-24 17:53:35
2020-03-24 17:53:37,743892.0,743989.0,2020-03-24 17:53:37
2020-03-24 17:53:38,743892.0,743989.0,2020-03-24 17:53:38
2020-03-24 17:53:39,743892.0,743989.0,2020-03-24 17:53:39
2020-03-24 17:53:40,743892.0,743989.0,2020-03-24 17:53:40
2020-03-24 17:53:41,743892.0,743989.0,2020-03-24 17:53:41
2020-03-24 17:53:42,743892.0,743989.0,2020-03-24 17:53:42
2020-03-24 17:53:43,743892.0,743989.0,2020-03-24 17:53:43
2020-03-24 17:53:44,743708.0,743909.0,2020-03-24 17:53:44
2020-03-24 17:53:45,743708.0,743909.0,2020-03-24 17:53:45
2020-03-24 17:53:46,743494.0,743591.0,2020-03-24 17:53:46
2020-03-24 17:53:48,743494.0,743591.0,2020-03-24 17:53:47
2020-03-24 17:53:49,743071.0,743097.0,2020-03-24 17:53:49
2020-03-24 17:53:50,743071.0,743097.0,2020-03-24 17:53:50
2020-03-24 17:53:51,743659.0,743751.0,2020-03-24 17:53:51
2020-03-24 17:53:52,743659.0,743751.0,2020-03-24 17:53:52
2020-03-24 17:53:53,743564.0,743922.0,2020-03-24 17:53:53
2020-03-24 17:53:54,743564.0,743922.0,2020-03-24 17:53:54
2020-03-24 17:53:55,743640.0,743942.0,2020-03-24 17:53:55
2020-03-24 17:53:56,743640.0,743942.0,2020-03-24 17:53:56
2020-03-24 17:53:57,743275.0,743884.0,2020-03-24 17:53:57
2020-03-24 17:53:58,743275.0,743884.0,2020-03-24 17:53:58
2020-03-24 17:53:59,743688.0,743883.0,2020-03-24 17:53:59
2020-03-24 17:54:01,743688.0,743883.0,2020-03-24 17:54:00
2020-03-24 17:54:02,743653.0,743833.0,2020-03-24 17:54:02
2020-03-24 17:54:03,743653.0,743833.0,2020-03-24 17:54:03
2020-03-24 17:54:04,743833.0,743868.0,2020-03-24 17:54:04
2020-03-24 17:54:05,743833.0,743868.0,2020-03-24 17:54:05
2020-03-24 17:54:06,743834.0,744000.0,2020-03-24 17:54:06
2020-03-24 17:54:07,743834.0,744000.0,2020-03-24 17:54:07
2020-03-24 17:54:08,743911.0,744241.0,2020-03-24 17:54:08
2020-03-24 17:54:09,743911.0,744241.0,2020-03-24 17:54:09
2020-03-24 17:54:10,743922.0,744395.0,2020-03-24 17:54:10
2020-03-24 17:54:11,743922.0,744395.0,2020-03-24 17:54:11
2020-03-24 17:54:13,743922.0,744395.0,2020-03-24 17:54:12
2020-03-24 17:54:14,743922.0,744395.0,2020-03-24 17:54:14
2020-03-24 17:54:15,743922.0,744395.0,2020-03-24 17:54:15
2020-03-24 17:54:16,743922.0,744395.0,2020-03-24 17:54:16
2020-03-24 17:54:17,743922.0,744395.0,2020-03-24 17:54:17
2020-03-24 17:54:18,744500.0,744567.0,2020-03-24 17:54:18
2020-03-24 17:54:19,744500.0,744567.0,2020-03-24 17:54:19
2020-03-24 17:54:20,744490.0,744856.0,2020-03-24 17:54:20
2020-03-24 17:54:21,744490.0,744856.0,2020-03-24 17:54:21
2020-03-24 17:54:23,744490.0,744714.0,2020-03-24 17:54:22
2020-03-24 17:54:24,744490.0,744714.0,2020-03-24 17:54:24
2020-03-24 17:54:25,744490.0,744777.0,2020-03-24 17:54:25
2020-03-24 17:54:26,744490.0,744777.0,2020-03-24 17:54:26
2020-03-24 17:54:27,744813.0,745767.0,2020-03-24 17:54:27
2020-03-24 17:54:28,744813.0,745767.0,2020-03-24 17:54:28
2020-03-24 17:54:29,744905.0,745331.0,2020-03-24 17:54:29
2020-03-24 17:54:30,744905.0,745331.0,2020-03-24 17:54:30
2020-03-24 17:54:31,744986.0,745316.0,2020-03-24 17:54:31
2020-03-24 17:54:32,744986.0,745316.0,2020-03-24 17:54:32
2020-03-24 17:54:33,744991.0,745280.0,2020-03-24 17:54:33
2020-03-24 17:54:34,744991.0,745280.0,2020-03-24 17:54:34
2020-03-24 17:54:36,744365.0,744724.0,2020-03-24 17:54:35
2020-03-24 17:54:37,744365.0,744724.0,2020-03-24 17:54:37
2020-03-24 17:54:38,744526.0,744696.0,2020-03-24 17:54:38
2020-03-24 17:54:39,744526.0,744696.0,2020-03-24 17:54:39
2020-03-24 17:54:40,744574.0,745138.0,2020-03-24 17:54:40
2020-03-24 17:54:41,744574.0,745138.0,2020-03-24 17:54:41
2020-03-24 17:54:42,744574.0,744944.0,2020-03-24 17:54:42
2020-03-24 17:54:43,744574.0,744944.0,2020-03-24 17:54:43
2020-03-24 17:54:44,744574.0,744943.0,2020-03-24 17:54:44
2020-03-24 17:54:45,744574.0,744943.0,2020-03-24 17:54:45
2020-03-24 17:54:47,744575.0,744907.0,2020-03-24 17:54:46
2020-03-24 17:54:48,744929.0,745002.0,2020-03-24 17:54:48
2020-03-24 17:54:49,744929.0,745002.0,2020-03-24 17:54:49
2020-03-24 17:54:50,744918.0,745118.0,2020-03-24 17:54:50
2020-03-24 17:54:51,744918.0,745118.0,2020-03-24 17:54:51
2020-03-24 17:54:52,744927.0,744999.0,2020-03-24 17:54:52
2020-03-24 17:54:53,744927.0,744999.0,2020-03-24 17:54:53
2020-03-24 17:54:54,745153.0,745403.0,2020-03-24 17:54:54
2020-03-24 17:54:55,745153.0,745403.0,2020-03-24 17:54:55
2020-03-24 17:54:56,745302.0,745545.0,2020-03-24 17:54:56
2020-03-24 17:54:57,745302.0,745545.0,2020-03-24 17:54:57
2020-03-24 17:54:59,745302.0,745565.0,2020-03-24 17:54:58
2020-03-24 17:55:00,745302.0,745565.0,2020-03-24 17:55:00
2020-03-24 17:55:01,745302.0,745563.0,2020-03-24 17:55:01
2020-03-24 17:55:02,745302.0,745563.0,2020-03-24 17:55:02
2020-03-24 17:55:03,745404.0,745453.0,2020-03-24 17:55:03
2020-03-24 17:55:04,745404.0,745453.0,2020-03-24 17:55:04
2020-03-24 17:55:05,745592.0,745999.0,2020-03-24 17:55:05
2020-03-24 17:55:06,745592.0,745999.0,2020-03-24 17:55:06
2020-03-24 17:55:07,745908.0,746000.0,2020-03-24 17:55:07
2020-03-24 17:55:08,745908.0,746000.0,2020-03-24 17:55:08
2020-03-24 17:55:10,745892.0,746059.0,2020-03-24 17:55:09
2020-03-24 17:55:11,745892.0,746059.0,2020-03-24 17:55:11
2020-03-24 17:55:12,745892.0,746059.0,2020-03-24 17:55:12
2020-03-24 17:55:13,745892.0,746059.0,2020-03-24 17:55:13
2020-03-24 17:55:14,745892.0,746059.0,2020-03-24 17:55:14
2020-03-24 17:55:15,745892.0,746059.0,2020-03-24 17:55:15
2020-03-24 17:55:16,745902.0,746059.0,2020-03-24 17:55:16
2020-03-24 17:55:17,745902.0,746059.0,2020-03-24 17:55:17
2020-03-24 17:55:18,746442.0,746521.0,2020-03-24 17:55:18
2020-03-24 17:55:19,746442.0,746521.0,2020-03-24 17:55:19
2020-03-24 17:55:20,746096.0,746518.0,2020-03-24 17:55:20
2020-03-24 17:55:21,746096.0,746518.0,2020-03-24 17:55:21
2020-03-24 17:55:23,746216.0,746404.0,2020-03-24 17:55:22
2020-03-24 17:55:24,746235.0,746404.0,2020-03-24 17:55:24
2020-03-24 17:55:25,746235.0,746404.0,2020-03-24 17:55:25
2020-03-24 17:55:26,746226.0,746387.0,2020-03-24 17:55:26
2020-03-24 17:55:27,746226.0,746387.0,2020-03-24 17:55:27
2020-03-24 17:55:28,746226.0,746387.0,2020-03-24 17:55:28
2020-03-24 17:55:29,746226.0,746387.0,2020-03-24 17:55:29
2020-03-24 17:55:30,746314.0,746471.0,2020-03-24 17:55:30
2020-03-24 17:55:31,746314.0,746471.0,2020-03-24 17:55:31
2020-03-24 17:55:32,746164.0,746384.0,2020-03-24 17:55:32
2020-03-24 17:55:33,746164.0,746384.0,2020-03-24 17:55:33
2020-03-24 17:55:35,745920.0,746039.0,2020-03-24 17:55:34
2020-03-24 17:55:36,745920.0,746039.0,2020-03-24 17:55:36
2020-03-24 17:55:37,745861.0,746070.0,2020-03-24 17:55:37
2020-03-24 17:55:38,745861.0,746070.0,2020-03-24 17:55:38
2020-03-24 17:55:39,745726.0,745973.0,2020-03-24 17:55:39
2020-03-24 17:55:40,745726.0,745973.0,2020-03-24 17:55:40
2020-03-24 17:55:41,745764.0,745973.0,2020-03-24 17:55:41
2020-03-24 17:55:42,745764.0,745973.0,2020-03-24 17:55:42
2020-03-24 17:55:43,745751.0,745814.0,2020-03-24 17:55:43
2020-03-24 17:55:44,745751.0,745814.0,2020-03-24 17:55:44
2020-03-24 17:55:45,745576.0,745805.0,2020-03-24 17:55:45
2020-03-24 17:55:46,745576.0,745805.0,2020-03-24 17:55:46
2020-03-24 17:55:48,745827.0,745858.0,2020-03-24 17:55:47
2020-03-24 17:55:49,745827.0,745858.0,2020-03-24 17:55:49
2020-03-24 17:55:50,745827.0,745858.0,2020-03-24 17:55:50
2020-03-24 17:55:51,745827.0,745858.0,2020-03-24 17:55:51
2020-03-24 17:55:52,745827.0,745858.0,2020-03-24 17:55:52
2020-03-24 17:55:53,745827.0,745858.0,2020-03-24 17:55:53
2020-03-24 17:55:54,745827.0,745858.0,2020-03-24 17:55:54
2020-03-24 17:55:55,745353.0,745585.0,2020-03-24 17:55:55
2020-03-24 17:55:56,745353.0,745585.0,2020-03-24 17:55:56
2020-03-24 17:55:57,745497.0,745514.0,2020-03-24 17:55:57
2020-03-24 17:55:58,745497.0,745514.0,2020-03-24 17:55:58
2020-03-24 17:55:59,745621.0,745767.0,2020-03-24 17:55:59
2020-03-24 17:56:01,745621.0,745767.0,2020-03-24 17:56:00
2020-03-24 17:56:02,745621.0,745990.0,2020-03-24 17:56:02
2020-03-24 17:56:03,745621.0,745990.0,2020-03-24 17:56:03
2020-03-24 17:56:04,745752.0,745966.0,2020-03-24 17:56:04
2020-03-24 17:56:05,745752.0,745966.0,2020-03-24 17:56:05
2020-03-24 17:56:06,745774.0,745953.0,2020-03-24 17:56:06
2020-03-24 17:56:07,745774.0,745953.0,2020-03-24 17:56:07
2020-03-24 17:56:09,745752.0,745939.0,2020-03-24 17:56:08
2020-03-24 17:56:10,745752.0,745939.0,2020-03-24 17:56:10
2020-03-24 17:56:11,745837.0,745939.0,2020-03-24 17:56:11
2020-03-24 17:56:12,745837.0,745939.0,2020-03-24 17:56:12
2020-03-24 17:56:13,745595.0,745761.0,2020-03-24 17:56:13
2020-03-24 17:56:14,745635.0,745722.0,2020-03-24 17:56:14
2020-03-24 17:56:15,745635.0,745722.0,2020-03-24 17:56:15
2020-03-24 17:56:16,745635.0,745721.0,2020-03-24 17:56:16
2020-03-24 17:56:17,745635.0,745721.0,2020-03-24 17:56:17
2020-03-24 17:56:18,745396.0,745674.0,2020-03-24 17:56:18
2020-03-24 17:56:19,745396.0,745674.0,2020-03-24 17:56:19
2020-03-24 17:56:20,744986.0,745166.0,2020-03-24 17:56:20
2020-03-24 17:56:22,744986.0,745166.0,2020-03-24 17:56:21
2020-03-24 17:56:23,744958.0,745214.0,2020-03-24 17:56:23
2020-03-24 17:56:24,744958.0,745214.0,2020-03-24 17:56:24
2020-03-24 17:56:25,744705.0,744927.0,2020-03-24 17:56:25
2020-03-24 17:56:26,744705.0,744927.0,2020-03-24 17:56:26
2020-03-24 17:56:27,744600.0,744686.0,2020-03-24 17:56:27
2020-03-24 17:56:28,744600.0,744686.0,2020-03-24 17:56:28
2020-03-24 17:56:29,744434.0,744651.0,2020-03-24 17:56:29
2020-03-24 17:56:30,744434.0,744651.0,2020-03-24 17:56:30
2020-03-24 17:56:31,744403.0,744651.0,2020-03-24 17:56:31
2020-03-24 17:56:32,744403.0,744651.0,2020-03-24 17:56:32
2020-03-24 17:56:33,744406.0,744650.0,2020-03-24 17:56:33
2020-03-24 17:56:34,744406.0,744650.0,2020-03-24 17:56:34
2020-03-24 17:56:36,744418.0,744650.0,2020-03-24 17:56:35
2020-03-24 17:56:37,744418.0,744650.0,2020-03-24 17:56:37
2020-03-24 17:56:38,744418.0,744650.0,2020-03-24 17:56:38
2020-03-24 17:56:39,744418.0,744650.0,2020-03-24 17:56:39
2020-03-24 17:56:40,744569.0,744788.0,2020-03-24 17:56:40
2020-03-24 17:56:41,744569.0,744788.0,2020-03-24 17:56:41
2020-03-24 17:56:42,744442.0,744601.0,2020-03-24 17:56:42
2020-03-24 17:56:43,744442.0,744601.0,2020-03-24 17:56:43
2020-03-24 17:56:44,744454.0,744621.0,2020-03-24 17:56:44
2020-03-24 17:56:45,744454.0,744621.0,2020-03-24 17:56:45
2020-03-24 17:56:46,745292.0,745530.0,2020-03-24 17:56:46
2020-03-24 17:56:47,745292.0,745530.0,2020-03-24 17:56:47
2020-03-24 17:56:49,745293.0,745603.0,2020-03-24 17:56:48
2020-03-24 17:56:50,745293.0,745603.0,2020-03-24 17:56:50
2020-03-24 17:56:51,745298.0,745556.0,2020-03-24 17:56:51
2020-03-24 17:56:52,745298.0,745556.0,2020-03-24 17:56:52
2020-03-24 17:56:53,745406.0,745787.0,2020-03-24 17:56:53
2020-03-24 17:56:54,745406.0,745787.0,2020-03-24 17:56:54
2020-03-24 17:56:55,745585.0,745747.0,2020-03-24 17:56:55
2020-03-24 17:56:56,745585.0,745747.0,2020-03-24 17:56:56
2020-03-24 17:56:57,745457.0,745679.0,2020-03-24 17:56:57
2020-03-24 17:56:58,745529.0,745787.0,2020-03-24 17:56:58
2020-03-24 17:57:00,745529.0,745787.0,2020-03-24 17:56:59
2020-03-24 17:57:01,745605.0,745931.0,2020-03-24 17:57:01
2020-03-24 17:57:02,745605.0,745931.0,2020-03-24 17:57:02
2020-03-24 17:57:03,746116.0,746273.0,2020-03-24 17:57:03
2020-03-24 17:57:04,746116.0,746273.0,2020-03-24 17:57:04
2020-03-24 17:57:05,745873.0,746057.0,2020-03-24 17:57:05
2020-03-24 17:57:06,745873.0,746057.0,2020-03-24 17:57:06
2020-03-24 17:57:07,745932.0,746268.0,2020-03-24 17:57:07
2020-03-24 17:57:08,745932.0,746268.0,2020-03-24 17:57:08
2020-03-24 17:57:09,745910.0,746324.0,2020-03-24 17:57:09
2020-03-24 17:57:10,745910.0,746324.0,2020-03-24 17:57:10
2020-03-24 17:57:11,746249.0,746336.0,2020-03-24 17:57:11
2020-03-24 17:57:12,746249.0,746336.0,2020-03-24 17:57:12
2020-03-24 17:57:14,746258.0,746447.0,2020-03-24 17:57:13
2020-03-24 17:57:15,746258.0,746447.0,2020-03-24 17:57:15
2020-03-24 17:57:16,746258.0,746447.0,2020-03-24 17:57:16
2020-03-24 17:57:17,746258.0,746447.0,2020-03-24 17:57:17
2020-03-24 17:57:18,746258.0,746518.0,2020-03-24 17:57:18
2020-03-24 17:57:19,746258.0,746518.0,2020-03-24 17:57:19
2020-03-24 17:57:20,746500.0,746599.0,2020-03-24 17:57:20
2020-03-24 17:57:21,746500.0,746599.0,2020-03-24 17:57:21
2020-03-24 17:57:22,746598.0,746857.0,2020-03-24 17:57:22
2020-03-24 17:57:23,746598.0,746857.0,2020-03-24 17:57:23
2020-03-24 17:57:24,746702.0,746843.0,2020-03-24 17:57:24
2020-03-24 17:57:25,746702.0,746843.0,2020-03-24 17:57:25
2020-03-24 17:57:27,746702.0,746804.0,2020-03-24 17:57:26
2020-03-24 17:57:28,746702.0,746804.0,2020-03-24 17:57:28
2020-03-24 17:57:29,746500.0,746536.0,2020-03-24 17:57:29
2020-03-24 17:57:30,746500.0,746536.0,2020-03-24 17:57:30
2020-03-24 17:57:31,746301.0,746671.0,2020-03-24 17:57:31
2020-03-24 17:57:32,746481.0,746670.0,2020-03-24 17:57:32
2020-03-24 17:57:33,746481.0,746670.0,2020-03-24 17:57:33
2020-03-24 17:57:34,746481.0,746489.0,2020-03-24 17:57:34
2020-03-24 17:57:35,746481.0,746489.0,2020-03-24 17:57:35
2020-03-24 17:57:36,746522.0,746656.0,2020-03-24 17:57:36
2020-03-24 17:57:37,746522.0,746656.0,2020-03-24 17:57:37
2020-03-24 17:57:39,746315.0,746623.0,2020-03-24 17:57:38
2020-03-24 17:57:40,746315.0,746623.0,2020-03-24 17:57:40
2020-03-24 17:57:41,746315.0,746563.0,2020-03-24 17:57:41
2020-03-24 17:57:42,746315.0,746563.0,2020-03-24 17:57:42
2020-03-24 17:57:43,746316.0,746563.0,2020-03-24 17:57:43
2020-03-24 17:57:44,746316.0,746563.0,2020-03-24 17:57:44
2020-03-24 17:57:45,746316.0,746563.0,2020-03-24 17:57:45
2020-03-24 17:57:46,746316.0,746563.0,2020-03-24 17:57:46
2020-03-24 17:57:47,746233.0,746529.0,2020-03-24 17:57:47
2020-03-24 17:57:48,746233.0,746529.0,2020-03-24 17:57:48
2020-03-24 17:57:49,746263.0,746529.0,2020-03-24 17:57:49
2020-03-24 17:57:51,746263.0,746529.0,2020-03-24 17:57:50
2020-03-24 17:57:52,746345.0,746532.0,2020-03-24 17:57:52
2020-03-24 17:57:53,746345.0,746532.0,2020-03-24 17:57:53
2020-03-24 17:57:54,746339.0,746619.0,2020-03-24 17:57:54
2020-03-24 17:57:55,746339.0,746619.0,2020-03-24 17:57:55
2020-03-24 17:57:56,746375.0,746457.0,2020-03-24 17:57:56
2020-03-24 17:57:57,746375.0,746457.0,2020-03-24 17:57:57
2020-03-24 17:57:58,746375.0,746457.0,2020-03-24 17:57:58
2020-03-24 17:57:59,746366.0,746582.0,2020-03-24 17:57:59
2020-03-24 17:58:00,746366.0,746582.0,2020-03-24 17:58:00
2020-03-24 17:58:01,746366.0,746582.0,2020-03-24 17:58:01
2020-03-24 17:58:03,746366.0,746582.0,2020-03-24 17:58:02
2020-03-24 17:58:04,746392.0,746582.0,2020-03-24 17:58:04
2020-03-24 17:58:05,746392.0,746582.0,2020-03-24 17:58:05
2020-03-24 17:58:06,746392.0,746582.0,2020-03-24 17:58:06
2020-03-24 17:58:07,746392.0,746582.0,2020-03-24 17:58:07
2020-03-24 17:58:08,746920.0,747140.0,2020-03-24 17:58:08
2020-03-24 17:58:09,746920.0,747140.0,2020-03-24 17:58:09
2020-03-24 17:58:10,747585.0,747718.0,2020-03-24 17:58:10
2020-03-24 17:58:11,747585.0,747718.0,2020-03-24 17:58:11
2020-03-24 17:58:12,747161.0,747492.0,2020-03-24 17:58:12
2020-03-24 17:58:13,747161.0,747492.0,2020-03-24 17:58:13
2020-03-24 17:58:14,747533.0,747707.0,2020-03-24 17:58:14
2020-03-24 17:58:16,747533.0,747707.0,2020-03-24 17:58:15
2020-03-24 17:58:17,747533.0,747707.0,2020-03-24 17:58:17
2020-03-24 17:58:18,747533.0,747707.0,2020-03-24 17:58:18
2020-03-24 17:58:19,748317.0,748447.0,2020-03-24 17:58:19
2020-03-24 17:58:20,748317.0,748447.0,2020-03-24 17:58:20
2020-03-24 17:58:21,748166.0,748262.0,2020-03-24 17:58:21
2020-03-24 17:58:22,748166.0,748262.0,2020-03-24 17:58:22
2020-03-24 17:58:23,748155.0,748421.0,2020-03-24 17:58:23
2020-03-24 17:58:24,748245.0,748638.0,2020-03-24 17:58:24
2020-03-24 17:58:26,748245.0,748638.0,2020-03-24 17:58:25
2020-03-24 17:58:27,748295.0,748500.0,2020-03-24 17:58:27
2020-03-24 17:58:28,748295.0,748500.0,2020-03-24 17:58:28
2020-03-24 17:58:29,749053.0,749328.0,2020-03-24 17:58:29
2020-03-24 17:58:30,749053.0,749328.0,2020-03-24 17:58:30
2020-03-24 17:58:31,748958.0,749281.0,2020-03-24 17:58:31
2020-03-24 17:58:32,748958.0,749281.0,2020-03-24 17:58:32
2020-03-24 17:58:33,748940.0,749289.0,2020-03-24 17:58:33
2020-03-24 17:58:34,748940.0,749289.0,2020-03-24 17:58:34
2020-03-24 17:58:35,748621.0,748891.0,2020-03-24 17:58:35
2020-03-24 17:58:36,748621.0,748891.0,2020-03-24 17:58:36
2020-03-24 17:58:37,748582.0,748674.0,2020-03-24 17:58:37
2020-03-24 17:58:39,748582.0,748674.0,2020-03-24 17:58:38
2020-03-24 17:58:40,748734.0,748982.0,2020-03-24 17:58:40
2020-03-24 17:58:41,748734.0,748982.0,2020-03-24 17:58:41
2020-03-24 17:58:42,748515.0,748806.0,2020-03-24 17:58:42
2020-03-24 17:58:43,748515.0,748806.0,2020-03-24 17:58:43
2020-03-24 17:58:44,748905.0,748931.0,2020-03-24 17:58:44
2020-03-24 17:58:45,748905.0,748931.0,2020-03-24 17:58:45
2020-03-24 17:58:46,748668.0,748894.0,2020-03-24 17:58:46
2020-03-24 17:58:47,748668.0,748894.0,2020-03-24 17:58:47
2020-03-24 17:58:48,747909.0,748171.0,2020-03-24 17:58:48
2020-03-24 17:58:49,747909.0,748171.0,2020-03-24 17:58:49
2020-03-24 17:58:50,747942.0,748088.0,2020-03-24 17:58:50
2020-03-24 17:58:51,747942.0,748088.0,2020-03-24 17:58:51
2020-03-24 17:58:53,747942.0,748088.0,2020-03-24 17:58:52
2020-03-24 17:58:54,747942.0,748088.0,2020-03-24 17:58:54
2020-03-24 17:58:55,747942.0,748088.0,2020-03-24 17:58:55
2020-03-24 17:58:56,747942.0,748088.0,2020-03-24 17:58:56
2020-03-24 17:58:57,747789.0,748031.0,2020-03-24 17:58:57
2020-03-24 17:58:58,747789.0,748031.0,2020-03-24 17:58:58
2020-03-24 17:58:59,747810.0,747981.0,2020-03-24 17:58:59
2020-03-24 17:59:00,747579.0,747587.0,2020-03-24 17:59:00
2020-03-24 17:59:01,747579.0,747587.0,2020-03-24 17:59:01
2020-03-24 17:59:02,747256.0,747478.0,2020-03-24 17:59:02
2020-03-24 17:59:03,747256.0,747478.0,2020-03-24 17:59:03
2020-03-24 17:59:05,747249.0,747453.0,2020-03-24 17:59:04
2020-03-24 17:59:06,747249.0,747453.0,2020-03-24 17:59:06
2020-03-24 17:59:07,747283.0,747445.0,2020-03-24 17:59:07
2020-03-24 17:59:08,747283.0,747445.0,2020-03-24 17:59:08
2020-03-24 17:59:09,746877.0,747224.0,2020-03-24 17:59:09
2020-03-24 17:59:10,746877.0,747224.0,2020-03-24 17:59:10
2020-03-24 17:59:11,746877.0,746915.0,2020-03-24 17:59:11
2020-03-24 17:59:12,746877.0,746915.0,2020-03-24 17:59:12
2020-03-24 17:59:13,746877.0,746915.0,2020-03-24 17:59:13
2020-03-24 17:59:14,746877.0,746915.0,2020-03-24 17:59:14
2020-03-24 17:59:15,746908.0,747118.0,2020-03-24 17:59:15
2020-03-24 17:59:16,746908.0,747118.0,2020-03-24 17:59:16
2020-03-24 17:59:17,746940.0,747123.0,2020-03-24 17:59:17
2020-03-24 17:59:19,746940.0,747123.0,2020-03-24 17:59:18
2020-03-24 17:59:20,747623.0,747888.0,2020-03-24 17:59:20
2020-03-24 17:59:21,747623.0,747888.0,2020-03-24 17:59:21
2020-03-24 17:59:22,747607.0,747634.0,2020-03-24 17:59:22
2020-03-24 17:59:23,747607.0,747634.0,2020-03-24 17:59:23
2020-03-24 17:59:24,747501.0,747633.0,2020-03-24 17:59:24
2020-03-24 17:59:25,747501.0,747633.0,2020-03-24 17:59:25
2020-03-24 17:59:26,747434.0,747448.0,2020-03-24 17:59:26
2020-03-24 17:59:27,747434.0,747448.0,2020-03-24 17:59:27
2020-03-24 17:59:28,747336.0,747448.0,2020-03-24 17:59:28
2020-03-24 17:59:29,747336.0,747448.0,2020-03-24 17:59:29
2020-03-24 17:59:30,747336.0,747448.0,2020-03-24 17:59:30
2020-03-24 17:59:31,747336.0,747448.0,2020-03-24 17:59:31
2020-03-24 17:59:32,747336.0,747448.0,2020-03-24 17:59:32
2020-03-24 17:59:34,747336.0,747448.0,2020-03-24 17:59:33
2020-03-24 17:59:35,747336.0,747448.0,2020-03-24 17:59:35
2020-03-24 17:59:36,747463.0,747641.0,2020-03-24 17:59:36
2020-03-24 17:59:37,747463.0,747641.0,2020-03-24 17:59:37
2020-03-24 17:59:38,747463.0,747590.0,2020-03-24 17:59:38
2020-03-24 17:59:39,747463.0,747590.0,2020-03-24 17:59:39
2020-03-24 17:59:40,747463.0,747590.0,2020-03-24 17:59:40
2020-03-24 17:59:41,747463.0,747590.0,2020-03-24 17:59:41
2020-03-24 17:59:42,747463.0,747590.0,2020-03-24 17:59:42
2020-03-24 17:59:43,747463.0,747590.0,2020-03-24 17:59:43
2020-03-24 17:59:44,746589.0,746787.0,2020-03-24 17:59:44
2020-03-24 17:59:45,746589.0,746787.0,2020-03-24 17:59:45
2020-03-24 17:59:46,746690.0,747039.0,2020-03-24 17:59:46
2020-03-24 17:59:48,746690.0,747039.0,2020-03-24 17:59:47
2020-03-24 17:59:49,746706.0,747013.0,2020-03-24 17:59:49
2020-03-24 17:59:50,746706.0,747013.0,2020-03-24 17:59:50
2020-03-24 17:59:51,746513.0,746864.0,2020-03-24 17:59:51
2020-03-24 17:59:52,746513.0,746864.0,2020-03-24 17:59:52
2020-03-24 17:59:53,746074.0,746339.0,2020-03-24 17:59:53
2020-03-24 17:59:54,746074.0,746339.0,2020-03-24 17:59:54
2020-03-24 17:59:55,746045.0,746196.0,2020-03-24 17:59:55
2020-03-24 17:59:56,746045.0,746196.0,2020-03-24 17:59:56
2020-03-24 17:59:57,746045.0,746303.0,2020-03-24 17:59:57
2020-03-24 17:59:58,746045.0,746303.0,2020-03-24 17:59:58
2020-03-24 17:59:59,746045.0,746303.0,2020-03-24 17:59:59
2020-03-24 18:00:00,746045.0,746303.0,2020-03-24 18:00:00
2020-03-24 18:00:02,746045.0,746272.0,2020-03-24 18:00:01
2020-03-24 18:00:03,746045.0,746272.0,2020-03-24 18:00:03
2020-03-24 18:00:04,745464.0,745867.0,2020-03-24 18:00:04
2020-03-24 18:00:05,745588.0,745613.0,2020-03-24 18:00:05
2020-03-24 18:00:06,745588.0,745613.0,2020-03-24 18:00:06
2020-03-24 18:00:08,745706.0,746045.0,2020-03-24 18:00:07
2020-03-24 18:00:09,745706.0,746045.0,2020-03-24 18:00:09
2020-03-24 18:00:10,744402.0,744488.0,2020-03-24 18:00:10
2020-03-24 18:00:12,744464.0,745030.0,2020-03-24 18:00:12
2020-03-24 18:00:13,744464.0,745030.0,2020-03-24 18:00:13
2020-03-24 18:00:14,744046.0,744817.0,2020-03-24 18:00:14
2020-03-24 18:00:15,744046.0,744817.0,2020-03-24 18:00:15
2020-03-24 18:00:16,744131.0,744395.0,2020-03-24 18:00:16
2020-03-24 18:00:17,744131.0,744395.0,2020-03-24 18:00:17
2020-03-24 18:00:18,744131.0,744336.0,2020-03-24 18:00:18
2020-03-24 18:00:19,744131.0,744336.0,2020-03-24 18:00:19
2020-03-24 18:00:20,744205.0,744317.0,2020-03-24 18:00:20
2020-03-24 18:00:22,744205.0,744317.0,2020-03-24 18:00:21
2020-03-24 18:00:23,744417.0,744529.0,2020-03-24 18:00:23
2020-03-24 18:00:24,744417.0,744529.0,2020-03-24 18:00:24
2020-03-24 18:00:25,744343.0,744733.0,2020-03-24 18:00:25
2020-03-24 18:00:26,744343.0,744733.0,2020-03-24 18:00:26
2020-03-24 18:00:27,744432.0,744444.0,2020-03-24 18:00:27
2020-03-24 18:00:28,744432.0,744444.0,2020-03-24 18:00:28
2020-03-24 18:00:29,744270.0,744444.0,2020-03-24 18:00:29
2020-03-24 18:00:30,744270.0,744444.0,2020-03-24 18:00:30
2020-03-24 18:00:31,744304.0,744608.0,2020-03-24 18:00:31
2020-03-24 18:00:32,744304.0,744608.0,2020-03-24 18:00:32
2020-03-24 18:00:33,744304.0,744608.0,2020-03-24 18:00:33
2020-03-24 18:00:34,744304.0,744608.0,2020-03-24 18:00:34
2020-03-24 18:00:36,744304.0,744608.0,2020-03-24 18:00:35
2020-03-24 18:00:37,744304.0,744608.0,2020-03-24 18:00:37
2020-03-24 18:00:38,744304.0,744608.0,2020-03-24 18:00:38
2020-03-24 18:00:39,744304.0,744608.0,2020-03-24 18:00:39
2020-03-24 18:00:40,744490.0,744639.0,2020-03-24 18:00:40
2020-03-24 18:00:41,744490.0,744639.0,2020-03-24 18:00:41
2020-03-24 18:00:42,744616.0,745086.0,2020-03-24 18:00:42
2020-03-24 18:00:43,744616.0,745086.0,2020-03-24 18:00:43
2020-03-24 18:00:44,744839.0,745079.0,2020-03-24 18:00:44
2020-03-24 18:00:45,744889.0,745140.0,2020-03-24 18:00:45
2020-03-24 18:00:46,744889.0,745140.0,2020-03-24 18:00:46
2020-03-24 18:00:47,744889.0,745126.0,2020-03-24 18:00:47
2020-03-24 18:00:48,744889.0,745126.0,2020-03-24 18:00:48
2020-03-24 18:00:50,744812.0,744891.0,2020-03-24 18:00:49
2020-03-24 18:00:51,744812.0,744891.0,2020-03-24 18:00:51
2020-03-24 18:00:52,744595.0,744668.0,2020-03-24 18:00:52
2020-03-24 18:00:53,744595.0,744668.0,2020-03-24 18:00:53
2020-03-24 18:00:54,744535.0,744590.0,2020-03-24 18:00:54
2020-03-24 18:00:55,744535.0,744590.0,2020-03-24 18:00:55
2020-03-24 18:00:56,744510.0,744548.0,2020-03-24 18:00:56
2020-03-24 18:00:57,744510.0,744548.0,2020-03-24 18:00:57
2020-03-24 18:00:58,744510.0,744548.0,2020-03-24 18:00:58
2020-03-24 18:00:59,744510.0,744548.0,2020-03-24 18:00:59
2020-03-24 18:01:00,744510.0,744548.0,2020-03-24 18:01:00
2020-03-24 18:01:01,744510.0,744548.0,2020-03-24 18:01:01
2020-03-24 18:01:03,744510.0,744548.0,2020-03-24 18:01:02
2020-03-24 18:01:04,744510.0,744548.0,2020-03-24 18:01:04
2020-03-24 18:01:05,743622.0,744000.0,2020-03-24 18:01:05
2020-03-24 18:01:06,743622.0,744000.0,2020-03-24 18:01:06
2020-03-24 18:01:07,744165.0,744208.0,2020-03-24 18:01:07
2020-03-24 18:01:08,744165.0,744208.0,2020-03-24 18:01:08
2020-03-24 18:01:09,744308.0,744357.0,2020-03-24 18:01:09
2020-03-24 18:01:10,744308.0,744357.0,2020-03-24 18:01:10
2020-03-24 18:01:11,744928.0,745033.0,2020-03-24 18:01:11
2020-03-24 18:01:13,744967.0,745114.0,2020-03-24 18:01:13
2020-03-24 18:01:14,744967.0,745114.0,2020-03-24 18:01:14
2020-03-24 18:01:15,745017.0,745490.0,2020-03-24 18:01:15
2020-03-24 18:01:16,745017.0,745490.0,2020-03-24 18:01:16
2020-03-24 18:01:17,745013.0,745490.0,2020-03-24 18:01:17
2020-03-24 18:01:18,745013.0,745490.0,2020-03-24 18:01:18
2020-03-24 18:01:20,745004.0,745183.0,2020-03-24 18:01:19
2020-03-24 18:01:21,745004.0,745183.0,2020-03-24 18:01:21
2020-03-24 18:01:22,745004.0,745055.0,2020-03-24 18:01:22
2020-03-24 18:01:23,745004.0,745055.0,2020-03-24 18:01:23
2020-03-24 18:01:24,745004.0,745055.0,2020-03-24 18:01:24
2020-03-24 18:01:25,745004.0,745055.0,2020-03-24 18:01:25
2020-03-24 18:01:26,745004.0,745055.0,2020-03-24 18:01:26
2020-03-24 18:01:27,745004.0,745055.0,2020-03-24 18:01:27
2020-03-24 18:01:28,745004.0,745055.0,2020-03-24 18:01:28
2020-03-24 18:01:29,745486.0,745908.0,2020-03-24 18:01:29
2020-03-24 18:01:30,745486.0,745908.0,2020-03-24 18:01:30
2020-03-24 18:01:31,745936.0,746553.0,2020-03-24 18:01:31
2020-03-24 18:01:32,745936.0,746553.0,2020-03-24 18:01:32
2020-03-24 18:01:34,746414.0,746580.0,2020-03-24 18:01:33
2020-03-24 18:01:35,746414.0,746580.0,2020-03-24 18:01:35
2020-03-24 18:01:36,746583.0,746688.0,2020-03-24 18:01:36
2020-03-24 18:01:37,746583.0,746688.0,2020-03-24 18:01:37
2020-03-24 18:01:38,746296.0,746531.0,2020-03-24 18:01:38
2020-03-24 18:01:39,746296.0,746531.0,2020-03-24 18:01:39
2020-03-24 18:01:40,746500.0,746531.0,2020-03-24 18:01:40
2020-03-24 18:01:41,746500.0,746531.0,2020-03-24 18:01:41
2020-03-24 18:01:42,746617.0,747168.0,2020-03-24 18:01:42
2020-03-24 18:01:43,746617.0,747168.0,2020-03-24 18:01:43
2020-03-24 18:01:44,746342.0,746513.0,2020-03-24 18:01:44
2020-03-24 18:01:45,746342.0,746513.0,2020-03-24 18:01:45
2020-03-24 18:01:46,746202.0,746483.0,2020-03-24 18:01:46
2020-03-24 18:01:48,746202.0,746483.0,2020-03-24 18:01:47
2020-03-24 18:01:49,746365.0,746442.0,2020-03-24 18:01:49
2020-03-24 18:01:50,746365.0,746442.0,2020-03-24 18:01:50
2020-03-24 18:01:51,746282.0,746415.0,2020-03-24 18:01:51
2020-03-24 18:01:52,746282.0,746415.0,2020-03-24 18:01:52
2020-03-24 18:01:53,746218.0,746292.0,2020-03-24 18:01:53
2020-03-24 18:01:54,746218.0,746292.0,2020-03-24 18:01:54
2020-03-24 18:01:55,745774.0,746189.0,2020-03-24 18:01:55
2020-03-24 18:01:56,745774.0,746189.0,2020-03-24 18:01:56
2020-03-24 18:01:57,746207.0,746496.0,2020-03-24 18:01:57
2020-03-24 18:01:58,746207.0,746496.0,2020-03-24 18:01:58
2020-03-24 18:01:59,746069.0,746345.0,2020-03-24 18:01:59
2020-03-24 18:02:01,746069.0,746345.0,2020-03-24 18:02:00
2020-03-24 18:02:02,746069.0,746345.0,2020-03-24 18:02:02
2020-03-24 18:02:03,746069.0,746345.0,2020-03-24 18:02:03
2020-03-24 18:02:04,746069.0,746345.0,2020-03-24 18:02:04
2020-03-24 18:02:05,746069.0,746345.0,2020-03-24 18:02:05
2020-03-24 18:02:06,746069.0,746345.0,2020-03-24 18:02:06
2020-03-24 18:02:07,745930.0,745988.0,2020-03-24 18:02:07
2020-03-24 18:02:08,745930.0,745988.0,2020-03-24 18:02:08
2020-03-24 18:02:09,745927.0,746067.0,2020-03-24 18:02:09
2020-03-24 18:02:10,745927.0,746067.0,2020-03-24 18:02:10
2020-03-24 18:02:11,745919.0,746017.0,2020-03-24 18:02:11
2020-03-24 18:02:13,745919.0,746017.0,2020-03-24 18:02:12
2020-03-24 18:02:14,745509.0,745721.0,2020-03-24 18:02:14
2020-03-24 18:02:15,745509.0,745721.0,2020-03-24 18:02:15
2020-03-24 18:02:16,745828.0,745929.0,2020-03-24 18:02:16
2020-03-24 18:02:17,745828.0,745929.0,2020-03-24 18:02:17
2020-03-24 18:02:18,745470.0,745929.0,2020-03-24 18:02:18
2020-03-24 18:02:19,745470.0,745929.0,2020-03-24 18:02:19
2020-03-24 18:02:20,745462.0,745875.0,2020-03-24 18:02:20
2020-03-24 18:02:21,745462.0,745875.0,2020-03-24 18:02:21
2020-03-24 18:02:22,745368.0,745863.0,2020-03-24 18:02:22
2020-03-24 18:02:23,745368.0,745863.0,2020-03-24 18:02:23
2020-03-24 18:02:24,745261.0,745574.0,2020-03-24 18:02:24
2020-03-24 18:02:26,745261.0,745574.0,2020-03-24 18:02:25
2020-03-24 18:02:27,745261.0,745540.0,2020-03-24 18:02:27
2020-03-24 18:02:28,745261.0,745540.0,2020-03-24 18:02:28
2020-03-24 18:02:29,745288.0,745527.0,2020-03-24 18:02:29
2020-03-24 18:02:30,745288.0,745527.0,2020-03-24 18:02:30
2020-03-24 18:02:31,745532.0,745779.0,2020-03-24 18:02:31
2020-03-24 18:02:32,745532.0,745779.0,2020-03-24 18:02:32
2020-03-24 18:02:33,745074.0,745188.0,2020-03-24 18:02:33
2020-03-24 18:02:34,745000.0,745187.0,2020-03-24 18:02:34
2020-03-24 18:02:35,745000.0,745187.0,2020-03-24 18:02:35
2020-03-24 18:02:36,745163.0,745288.0,2020-03-24 18:02:36
2020-03-24 18:02:38,745163.0,745288.0,2020-03-24 18:02:37
2020-03-24 18:02:39,745138.0,745413.0,2020-03-24 18:02:39
2020-03-24 18:02:40,745138.0,745413.0,2020-03-24 18:02:40
2020-03-24 18:02:41,745639.0,745792.0,2020-03-24 18:02:41
2020-03-24 18:02:42,745639.0,745792.0,2020-03-24 18:02:42
2020-03-24 18:02:43,745555.0,745981.0,2020-03-24 18:02:43
2020-03-24 18:02:44,745555.0,745981.0,2020-03-24 18:02:44
2020-03-24 18:02:45,745461.0,745981.0,2020-03-24 18:02:45
2020-03-24 18:02:46,745461.0,745981.0,2020-03-24 18:02:46
2020-03-24 18:02:47,745461.0,745981.0,2020-03-24 18:02:47
2020-03-24 18:02:48,745461.0,745981.0,2020-03-24 18:02:48
2020-03-24 18:02:49,745461.0,745981.0,2020-03-24 18:02:49
2020-03-24 18:02:51,745461.0,745981.0,2020-03-24 18:02:50
2020-03-24 18:02:52,745461.0,745981.0,2020-03-24 18:02:52
2020-03-24 18:02:53,745461.0,745981.0,2020-03-24 18:02:53
2020-03-24 18:02:54,746183.0,746386.0,2020-03-24 18:02:54
2020-03-24 18:02:55,746183.0,746386.0,2020-03-24 18:02:55
2020-03-24 18:02:56,746424.0,746726.0,2020-03-24 18:02:56
2020-03-24 18:02:57,746424.0,746726.0,2020-03-24 18:02:57
2020-03-24 18:02:58,746500.0,746676.0,2020-03-24 18:02:58
2020-03-24 18:02:59,746500.0,746676.0,2020-03-24 18:02:59
2020-03-24 18:03:00,746628.0,746641.0,2020-03-24 18:03:00
2020-03-24 18:03:01,746628.0,746641.0,2020-03-24 18:03:01
2020-03-24 18:03:02,746509.0,746641.0,2020-03-24 18:03:02
2020-03-24 18:03:03,746509.0,746641.0,2020-03-24 18:03:03
2020-03-24 18:03:05,746372.0,746628.0,2020-03-24 18:03:04
2020-03-24 18:03:06,746380.0,746553.0,2020-03-24 18:03:06
2020-03-24 18:03:07,746380.0,746553.0,2020-03-24 18:03:07
2020-03-24 18:03:08,746318.0,746494.0,2020-03-24 18:03:08
2020-03-24 18:03:09,746318.0,746494.0,2020-03-24 18:03:09
2020-03-24 18:03:10,746318.0,746460.0,2020-03-24 18:03:10
2020-03-24 18:03:11,746318.0,746460.0,2020-03-24 18:03:11
2020-03-24 18:03:12,746228.0,746461.0,2020-03-24 18:03:12
2020-03-24 18:03:13,746228.0,746461.0,2020-03-24 18:03:13
2020-03-24 18:03:14,745638.0,745773.0,2020-03-24 18:03:14
2020-03-24 18:03:15,745638.0,745773.0,2020-03-24 18:03:15
2020-03-24 18:03:17,745463.0,745773.0,2020-03-24 18:03:16
2020-03-24 18:03:18,745463.0,745773.0,2020-03-24 18:03:18
2020-03-24 18:03:19,745138.0,745653.0,2020-03-24 18:03:19
2020-03-24 18:03:20,745138.0,745653.0,2020-03-24 18:03:20
2020-03-24 18:03:21,745675.0,745918.0,2020-03-24 18:03:21
2020-03-24 18:03:22,745675.0,745918.0,2020-03-24 18:03:22
2020-03-24 18:03:23,745713.0,746050.0,2020-03-24 18:03:23
2020-03-24 18:03:24,745713.0,746050.0,2020-03-24 18:03:24
2020-03-24 18:03:25,745935.0,746379.0,2020-03-24 18:03:25
2020-03-24 18:03:26,745935.0,746379.0,2020-03-24 18:03:26
2020-03-24 18:03:28,745779.0,746000.0,2020-03-24 18:03:27
2020-03-24 18:03:29,745994.0,746055.0,2020-03-24 18:03:29
2020-03-24 18:03:30,745994.0,746055.0,2020-03-24 18:03:30
2020-03-24 18:03:31,746369.0,746377.0,2020-03-24 18:03:31
2020-03-24 18:03:32,746369.0,746377.0,2020-03-24 18:03:32
2020-03-24 18:03:33,746369.0,746377.0,2020-03-24 18:03:33
2020-03-24 18:03:34,746369.0,746377.0,2020-03-24 18:03:34
2020-03-24 18:03:35,746369.0,746377.0,2020-03-24 18:03:35
2020-03-24 18:03:36,746369.0,746377.0,2020-03-24 18:03:36
2020-03-24 18:03:37,745994.0,746377.0,2020-03-24 18:03:37
2020-03-24 18:03:38,745994.0,746377.0,2020-03-24 18:03:38
2020-03-24 18:03:40,746954.0,746977.0,2020-03-24 18:03:39
2020-03-24 18:03:41,746954.0,746977.0,2020-03-24 18:03:41
2020-03-24 18:03:42,746198.0,746659.0,2020-03-24 18:03:42
2020-03-24 18:03:43,746198.0,746659.0,2020-03-24 18:03:43
2020-03-24 18:03:44,746305.0,746552.0,2020-03-24 18:03:44
2020-03-24 18:03:45,746305.0,746552.0,2020-03-24 18:03:45
2020-03-24 18:03:46,746319.0,746552.0,2020-03-24 18:03:46
2020-03-24 18:03:47,746319.0,746552.0,2020-03-24 18:03:47
2020-03-24 18:03:48,746333.0,746631.0,2020-03-24 18:03:48
2020-03-24 18:03:49,746333.0,746631.0,2020-03-24 18:03:49
2020-03-24 18:03:50,746355.0,746553.0,2020-03-24 18:03:50
2020-03-24 18:03:51,746355.0,746553.0,2020-03-24 18:03:51
2020-03-24 18:03:53,746194.0,746330.0,2020-03-24 18:03:52
2020-03-24 18:03:54,746194.0,746330.0,2020-03-24 18:03:54
2020-03-24 18:03:55,746102.0,746490.0,2020-03-24 18:03:55
2020-03-24 18:03:56,745929.0,746451.0,2020-03-24 18:03:56
2020-03-24 18:03:57,745929.0,746451.0,2020-03-24 18:03:57
2020-03-24 18:03:58,745835.0,746415.0,2020-03-24 18:03:58
2020-03-24 18:03:59,745835.0,746415.0,2020-03-24 18:03:59
2020-03-24 18:04:00,745972.0,746245.0,2020-03-24 18:04:00
2020-03-24 18:04:01,745972.0,746245.0,2020-03-24 18:04:01
2020-03-24 18:04:02,745736.0,746065.0,2020-03-24 18:04:02
2020-03-24 18:04:03,745736.0,746065.0,2020-03-24 18:04:03
2020-03-24 18:04:04,746096.0,746351.0,2020-03-24 18:04:04
2020-03-24 18:04:06,746096.0,746351.0,2020-03-24 18:04:05
2020-03-24 18:04:07,746096.0,746351.0,2020-03-24 18:04:07
2020-03-24 18:04:08,746096.0,746351.0,2020-03-24 18:04:08
2020-03-24 18:04:09,745816.0,746300.0,2020-03-24 18:04:09
2020-03-24 18:04:10,745816.0,746300.0,2020-03-24 18:04:10
2020-03-24 18:04:11,745830.0,746355.0,2020-03-24 18:04:11
2020-03-24 18:04:12,745830.0,746355.0,2020-03-24 18:04:12
2020-03-24 18:04:13,745830.0,746355.0,2020-03-24 18:04:13
2020-03-24 18:04:14,745830.0,746355.0,2020-03-24 18:04:14
2020-03-24 18:04:15,745830.0,746355.0,2020-03-24 18:04:15
2020-03-24 18:04:16,745830.0,746355.0,2020-03-24 18:04:16
2020-03-24 18:04:17,745832.0,746355.0,2020-03-24 18:04:17
2020-03-24 18:04:18,745832.0,746355.0,2020-03-24 18:04:18
2020-03-24 18:04:20,745922.0,746162.0,2020-03-24 18:04:19
2020-03-24 18:04:21,745922.0,746162.0,2020-03-24 18:04:21
2020-03-24 18:04:22,745922.0,746161.0,2020-03-24 18:04:22
2020-03-24 18:04:23,745922.0,746161.0,2020-03-24 18:04:23
2020-03-24 18:04:24,745345.0,745653.0,2020-03-24 18:04:24
2020-03-24 18:04:25,745345.0,745653.0,2020-03-24 18:04:25
2020-03-24 18:04:26,745697.0,745896.0,2020-03-24 18:04:26
2020-03-24 18:04:27,745697.0,745896.0,2020-03-24 18:04:27
2020-03-24 18:04:28,745732.0,746000.0,2020-03-24 18:04:28
2020-03-24 18:04:29,745732.0,746000.0,2020-03-24 18:04:29
2020-03-24 18:04:30,745599.0,745964.0,2020-03-24 18:04:30
2020-03-24 18:04:31,745599.0,745964.0,2020-03-24 18:04:31
2020-03-24 18:04:33,745499.0,745649.0,2020-03-24 18:04:32
2020-03-24 18:04:34,745499.0,745649.0,2020-03-24 18:04:34
2020-03-24 18:04:35,745488.0,745649.0,2020-03-24 18:04:35
2020-03-24 18:04:36,745488.0,745649.0,2020-03-24 18:04:36
2020-03-24 18:04:37,745488.0,745708.0,2020-03-24 18:04:37
2020-03-24 18:04:38,745344.0,745622.0,2020-03-24 18:04:38
2020-03-24 18:04:39,745344.0,745622.0,2020-03-24 18:04:39
2020-03-24 18:04:40,745344.0,745622.0,2020-03-24 18:04:40
2020-03-24 18:04:41,745344.0,745622.0,2020-03-24 18:04:41
2020-03-24 18:04:42,745344.0,745622.0,2020-03-24 18:04:42
2020-03-24 18:04:43,745344.0,745622.0,2020-03-24 18:04:43
2020-03-24 18:04:45,745405.0,745409.0,2020-03-24 18:04:44
2020-03-24 18:04:46,745405.0,745409.0,2020-03-24 18:04:46
2020-03-24 18:04:47,745455.0,745681.0,2020-03-24 18:04:47
2020-03-24 18:04:48,745455.0,745681.0,2020-03-24 18:04:48
2020-03-24 18:04:49,745282.0,745624.0,2020-03-24 18:04:49
2020-03-24 18:04:50,745282.0,745624.0,2020-03-24 18:04:50
2020-03-24 18:04:51,745282.0,745612.0,2020-03-24 18:04:51
2020-03-24 18:04:52,745282.0,745612.0,2020-03-24 18:04:52
2020-03-24 18:04:53,745282.0,745612.0,2020-03-24 18:04:53
2020-03-24 18:04:55,745282.0,745612.0,2020-03-24 18:04:54
2020-03-24 18:04:56,745282.0,745612.0,2020-03-24 18:04:56
2020-03-24 18:04:57,745282.0,745612.0,2020-03-24 18:04:57
2020-03-24 18:04:58,745282.0,745612.0,2020-03-24 18:04:58
2020-03-24 18:04:59,745282.0,745612.0,2020-03-24 18:04:59
2020-03-24 18:05:00,745300.0,745496.0,2020-03-24 18:05:00
2020-03-24 18:05:01,745300.0,745496.0,2020-03-24 18:05:01
2020-03-24 18:05:02,744620.0,744812.0,2020-03-24 18:05:02
2020-03-24 18:05:03,744620.0,744812.0,2020-03-24 18:05:03
2020-03-24 18:05:04,743516.0,743978.0,2020-03-24 18:05:04
2020-03-24 18:05:06,743799.0,743889.0,2020-03-24 18:05:06
2020-03-24 18:05:07,743799.0,743889.0,2020-03-24 18:05:07
2020-03-24 18:05:08,744270.0,744752.0,2020-03-24 18:05:08
2020-03-24 18:05:10,744619.0,744977.0,2020-03-24 18:05:10
2020-03-24 18:05:11,744619.0,744977.0,2020-03-24 18:05:11
2020-03-24 18:05:12,744619.0,744814.0,2020-03-24 18:05:12
2020-03-24 18:05:13,744619.0,744814.0,2020-03-24 18:05:13
2020-03-24 18:05:14,743820.0,743922.0,2020-03-24 18:05:14
2020-03-24 18:05:15,743820.0,743922.0,2020-03-24 18:05:15
2020-03-24 18:05:16,743779.0,743974.0,2020-03-24 18:05:16
2020-03-24 18:05:18,743779.0,743974.0,2020-03-24 18:05:17
2020-03-24 18:05:19,743542.0,743730.0,2020-03-24 18:05:19
2020-03-24 18:05:20,743542.0,743730.0,2020-03-24 18:05:20
2020-03-24 18:05:21,743000.0,743128.0,2020-03-24 18:05:21
2020-03-24 18:05:22,743000.0,743128.0,2020-03-24 18:05:22
2020-03-24 18:05:23,742319.0,742702.0,2020-03-24 18:05:23
2020-03-24 18:05:25,742046.0,742201.0,2020-03-24 18:05:25
2020-03-24 18:05:26,742046.0,742201.0,2020-03-24 18:05:26
2020-03-24 18:05:27,741835.0,742513.0,2020-03-24 18:05:27
2020-03-24 18:05:28,741835.0,742513.0,2020-03-24 18:05:28
2020-03-24 18:05:29,740370.0,740607.0,2020-03-24 18:05:29
2020-03-24 18:05:30,740370.0,740607.0,2020-03-24 18:05:30
2020-03-24 18:05:31,741283.0,741405.0,2020-03-24 18:05:31
2020-03-24 18:05:32,741283.0,741405.0,2020-03-24 18:05:32
2020-03-24 18:05:34,741877.0,742159.0,2020-03-24 18:05:33
2020-03-24 18:05:35,741877.0,742496.0,2020-03-24 18:05:35
2020-03-24 18:05:36,741877.0,742496.0,2020-03-24 18:05:36
2020-03-24 18:05:37,741454.0,742309.0,2020-03-24 18:05:37
2020-03-24 18:05:39,741454.0,742309.0,2020-03-24 18:05:38
2020-03-24 18:05:40,741454.0,742309.0,2020-03-24 18:05:40
2020-03-24 18:05:41,741454.0,742309.0,2020-03-24 18:05:41
2020-03-24 18:05:42,741454.0,742309.0,2020-03-24 18:05:42
2020-03-24 18:05:43,741454.0,742309.0,2020-03-24 18:05:43
2020-03-24 18:05:44,741454.0,742309.0,2020-03-24 18:05:44
2020-03-24 18:05:45,741454.0,742309.0,2020-03-24 18:05:45
2020-03-24 18:05:46,742510.0,742588.0,2020-03-24 18:05:46
2020-03-24 18:05:47,742510.0,742588.0,2020-03-24 18:05:47
2020-03-24 18:05:48,741461.0,741601.0,2020-03-24 18:05:48
2020-03-24 18:05:49,741461.0,741601.0,2020-03-24 18:05:49
2020-03-24 18:05:51,741181.0,741677.0,2020-03-24 18:05:50
2020-03-24 18:05:52,741181.0,741677.0,2020-03-24 18:05:52
2020-03-24 18:05:53,741231.0,741525.0,2020-03-24 18:05:53
2020-03-24 18:05:54,741231.0,741525.0,2020-03-24 18:05:54
2020-03-24 18:05:55,741075.0,741127.0,2020-03-24 18:05:55
2020-03-24 18:05:56,741075.0,741127.0,2020-03-24 18:05:56
2020-03-24 18:05:57,740700.0,740933.0,2020-03-24 18:05:57
2020-03-24 18:05:58,740700.0,740933.0,2020-03-24 18:05:58
2020-03-24 18:05:59,740700.0,740933.0,2020-03-24 18:05:59
2020-03-24 18:06:00,740700.0,740933.0,2020-03-24 18:06:00
2020-03-24 18:06:01,740447.0,740548.0,2020-03-24 18:06:01
2020-03-24 18:06:03,741096.0,741148.0,2020-03-24 18:06:02
2020-03-24 18:06:04,741096.0,741148.0,2020-03-24 18:06:04
2020-03-24 18:06:05,741535.0,741974.0,2020-03-24 18:06:05
2020-03-24 18:06:06,741535.0,741974.0,2020-03-24 18:06:06
2020-03-24 18:06:07,741713.0,741898.0,2020-03-24 18:06:07
2020-03-24 18:06:08,741713.0,741898.0,2020-03-24 18:06:08
2020-03-24 18:06:09,742113.0,742136.0,2020-03-24 18:06:09
2020-03-24 18:06:10,742113.0,742136.0,2020-03-24 18:06:10
2020-03-24 18:06:11,742231.0,742422.0,2020-03-24 18:06:11
2020-03-24 18:06:12,742231.0,742422.0,2020-03-24 18:06:12
2020-03-24 18:06:13,742256.0,742448.0,2020-03-24 18:06:13
2020-03-24 18:06:15,742256.0,742448.0,2020-03-24 18:06:14
2020-03-24 18:06:16,742295.0,742448.0,2020-03-24 18:06:16
2020-03-24 18:06:17,742295.0,742448.0,2020-03-24 18:06:17
2020-03-24 18:06:18,742296.0,742505.0,2020-03-24 18:06:18
2020-03-24 18:06:19,742296.0,742505.0,2020-03-24 18:06:19
2020-03-24 18:06:20,743081.0,743486.0,2020-03-24 18:06:20
2020-03-24 18:06:21,743081.0,743486.0,2020-03-24 18:06:21
2020-03-24 18:06:22,743081.0,743486.0,2020-03-24 18:06:22
2020-03-24 18:06:23,743081.0,743486.0,2020-03-24 18:06:23
2020-03-24 18:06:24,743081.0,743486.0,2020-03-24 18:06:24
2020-03-24 18:06:25,743081.0,743486.0,2020-03-24 18:06:25
2020-03-24 18:06:26,743261.0,743486.0,2020-03-24 18:06:26
2020-03-24 18:06:27,743261.0,743486.0,2020-03-24 18:06:27
2020-03-24 18:06:29,742884.0,743081.0,2020-03-24 18:06:28
2020-03-24 18:06:30,742884.0,743081.0,2020-03-24 18:06:30
2020-03-24 18:06:31,742709.0,743083.0,2020-03-24 18:06:31
2020-03-24 18:06:32,742709.0,743083.0,2020-03-24 18:06:32
2020-03-24 18:06:33,742529.0,742836.0,2020-03-24 18:06:33
2020-03-24 18:06:34,742529.0,742836.0,2020-03-24 18:06:34
2020-03-24 18:06:35,742445.0,742790.0,2020-03-24 18:06:35
2020-03-24 18:06:36,742445.0,742790.0,2020-03-24 18:06:36
2020-03-24 18:06:37,742446.0,742754.0,2020-03-24 18:06:37
2020-03-24 18:06:38,742402.0,742573.0,2020-03-24 18:06:38
2020-03-24 18:06:39,742402.0,742573.0,2020-03-24 18:06:39
2020-03-24 18:06:41,742403.0,742573.0,2020-03-24 18:06:40
2020-03-24 18:06:42,742403.0,742573.0,2020-03-24 18:06:42
2020-03-24 18:06:43,741870.0,742328.0,2020-03-24 18:06:43
2020-03-24 18:06:44,741870.0,742328.0,2020-03-24 18:06:44
2020-03-24 18:06:45,741871.0,741975.0,2020-03-24 18:06:45
2020-03-24 18:06:46,741871.0,741975.0,2020-03-24 18:06:46
2020-03-24 18:06:47,741927.0,741975.0,2020-03-24 18:06:47
2020-03-24 18:06:48,741927.0,741975.0,2020-03-24 18:06:48
2020-03-24 18:06:49,741829.0,741976.0,2020-03-24 18:06:49
2020-03-24 18:06:50,741829.0,741976.0,2020-03-24 18:06:50
2020-03-24 18:06:51,741885.0,741959.0,2020-03-24 18:06:51
2020-03-24 18:06:52,741885.0,741959.0,2020-03-24 18:06:52
2020-03-24 18:06:53,741885.0,741959.0,2020-03-24 18:06:53
2020-03-24 18:06:55,741885.0,741959.0,2020-03-24 18:06:54
2020-03-24 18:06:56,741885.0,741959.0,2020-03-24 18:06:56
2020-03-24 18:06:57,741885.0,741959.0,2020-03-24 18:06:57
2020-03-24 18:06:58,741885.0,741959.0,2020-03-24 18:06:58
2020-03-24 18:06:59,741885.0,741959.0,2020-03-24 18:06:59
2020-03-24 18:07:00,741885.0,741959.0,2020-03-24 18:07:00
2020-03-24 18:07:01,741885.0,741959.0,2020-03-24 18:07:01
2020-03-24 18:07:02,741885.0,742059.0,2020-03-24 18:07:02
2020-03-24 18:07:03,741885.0,742059.0,2020-03-24 18:07:03
2020-03-24 18:07:04,741885.0,741959.0,2020-03-24 18:07:04
2020-03-24 18:07:05,741885.0,741959.0,2020-03-24 18:07:05
2020-03-24 18:07:06,742883.0,742896.0,2020-03-24 18:07:06
2020-03-24 18:07:08,742883.0,742896.0,2020-03-24 18:07:07
2020-03-24 18:07:09,742626.0,742852.0,2020-03-24 18:07:09
2020-03-24 18:07:10,742626.0,742852.0,2020-03-24 18:07:10
2020-03-24 18:07:11,742626.0,742852.0,2020-03-24 18:07:11
2020-03-24 18:07:12,742626.0,742852.0,2020-03-24 18:07:12
2020-03-24 18:07:13,742159.0,742275.0,2020-03-24 18:07:13
2020-03-24 18:07:14,742000.0,742273.0,2020-03-24 18:07:14
2020-03-24 18:07:15,742000.0,742273.0,2020-03-24 18:07:15
2020-03-24 18:07:16,742011.0,742259.0,2020-03-24 18:07:16
2020-03-24 18:07:17,742011.0,742259.0,2020-03-24 18:07:17
2020-03-24 18:07:18,741911.0,742208.0,2020-03-24 18:07:18
2020-03-24 18:07:19,741911.0,742208.0,2020-03-24 18:07:19
2020-03-24 18:07:21,741829.0,742178.0,2020-03-24 18:07:20
2020-03-24 18:07:22,741829.0,742178.0,2020-03-24 18:07:22
2020-03-24 18:07:23,741386.0,741609.0,2020-03-24 18:07:23
2020-03-24 18:07:24,741386.0,741609.0,2020-03-24 18:07:24
2020-03-24 18:07:25,741272.0,741403.0,2020-03-24 18:07:25
2020-03-24 18:07:26,741272.0,741403.0,2020-03-24 18:07:26
2020-03-24 18:07:27,741294.0,741660.0,2020-03-24 18:07:27
2020-03-24 18:07:28,741294.0,741660.0,2020-03-24 18:07:28
2020-03-24 18:07:29,741358.0,741555.0,2020-03-24 18:07:29
2020-03-24 18:07:30,741358.0,741555.0,2020-03-24 18:07:30
2020-03-24 18:07:31,741410.0,741756.0,2020-03-24 18:07:31
2020-03-24 18:07:32,741410.0,741756.0,2020-03-24 18:07:32
2020-03-24 18:07:33,741410.0,741708.0,2020-03-24 18:07:33
2020-03-24 18:07:34,741410.0,741708.0,2020-03-24 18:07:34
2020-03-24 18:07:36,741330.0,741733.0,2020-03-24 18:07:35
2020-03-24 18:07:37,741330.0,741733.0,2020-03-24 18:07:37
2020-03-24 18:07:38,741294.0,741687.0,2020-03-24 18:07:38
2020-03-24 18:07:39,741294.0,741687.0,2020-03-24 18:07:39
2020-03-24 18:07:40,741391.0,741732.0,2020-03-24 18:07:40
2020-03-24 18:07:41,741391.0,741732.0,2020-03-24 18:07:41
2020-03-24 18:07:42,741391.0,741732.0,2020-03-24 18:07:42
2020-03-24 18:07:43,741391.0,741732.0,2020-03-24 18:07:43
2020-03-24 18:07:44,741391.0,741732.0,2020-03-24 18:07:44
2020-03-24 18:07:45,741391.0,741732.0,2020-03-24 18:07:45
2020-03-24 18:07:46,741391.0,741732.0,2020-03-24 18:07:46
2020-03-24 18:07:47,741391.0,741732.0,2020-03-24 18:07:47
2020-03-24 18:07:48,740699.0,741300.0,2020-03-24 18:07:48
2020-03-24 18:07:50,740699.0,741300.0,2020-03-24 18:07:49
2020-03-24 18:07:51,740663.0,741238.0,2020-03-24 18:07:51
2020-03-24 18:07:52,740663.0,741238.0,2020-03-24 18:07:52
2020-03-24 18:07:53,740665.0,741062.0,2020-03-24 18:07:53
2020-03-24 18:07:54,740665.0,741062.0,2020-03-24 18:07:54
2020-03-24 18:07:55,740715.0,741062.0,2020-03-24 18:07:55
2020-03-24 18:07:56,740819.0,741112.0,2020-03-24 18:07:56
2020-03-24 18:07:57,740819.0,741112.0,2020-03-24 18:07:57
2020-03-24 18:07:58,740848.0,741057.0,2020-03-24 18:07:58
2020-03-24 18:07:59,740848.0,741057.0,2020-03-24 18:07:59
2020-03-24 18:08:00,740819.0,741248.0,2020-03-24 18:08:00
2020-03-24 18:08:02,740819.0,741248.0,2020-03-24 18:08:01
2020-03-24 18:08:03,740862.0,741220.0,2020-03-24 18:08:03
2020-03-24 18:08:04,740862.0,741220.0,2020-03-24 18:08:04
2020-03-24 18:08:05,741058.0,741275.0,2020-03-24 18:08:05
2020-03-24 18:08:06,741058.0,741275.0,2020-03-24 18:08:06
2020-03-24 18:08:07,741729.0,741797.0,2020-03-24 18:08:07
2020-03-24 18:08:08,741729.0,741797.0,2020-03-24 18:08:08
2020-03-24 18:08:09,741942.0,742290.0,2020-03-24 18:08:09
2020-03-24 18:08:10,741942.0,742290.0,2020-03-24 18:08:10
2020-03-24 18:08:11,741942.0,742290.0,2020-03-24 18:08:11
2020-03-24 18:08:12,741942.0,742290.0,2020-03-24 18:08:12
2020-03-24 18:08:13,741625.0,741944.0,2020-03-24 18:08:13
2020-03-24 18:08:14,741625.0,741944.0,2020-03-24 18:08:14
2020-03-24 18:08:16,741849.0,742063.0,2020-03-24 18:08:15
2020-03-24 18:08:17,741849.0,742063.0,2020-03-24 18:08:17
2020-03-24 18:08:18,741513.0,741983.0,2020-03-24 18:08:18
2020-03-24 18:08:19,741513.0,741983.0,2020-03-24 18:08:19
2020-03-24 18:08:20,741647.0,742002.0,2020-03-24 18:08:20
2020-03-24 18:08:21,741647.0,742002.0,2020-03-24 18:08:21
2020-03-24 18:08:22,741648.0,741981.0,2020-03-24 18:08:22
2020-03-24 18:08:23,741648.0,741981.0,2020-03-24 18:08:23
2020-03-24 18:08:24,742308.0,742427.0,2020-03-24 18:08:24
2020-03-24 18:08:25,742308.0,742427.0,2020-03-24 18:08:25
2020-03-24 18:08:26,742457.0,742608.0,2020-03-24 18:08:26
2020-03-24 18:08:27,742457.0,742608.0,2020-03-24 18:08:27
2020-03-24 18:08:29,742553.0,742820.0,2020-03-24 18:08:28
2020-03-24 18:08:30,742553.0,742820.0,2020-03-24 18:08:30
2020-03-24 18:08:31,742652.0,742820.0,2020-03-24 18:08:31
2020-03-24 18:08:32,742175.0,742606.0,2020-03-24 18:08:32
2020-03-24 18:08:33,742188.0,742606.0,2020-03-24 18:08:33
2020-03-24 18:08:34,742201.0,742563.0,2020-03-24 18:08:34
2020-03-24 18:08:35,742201.0,742563.0,2020-03-24 18:08:35
2020-03-24 18:08:36,742201.0,742563.0,2020-03-24 18:08:36
2020-03-24 18:08:37,742201.0,742563.0,2020-03-24 18:08:37
2020-03-24 18:08:38,742201.0,742563.0,2020-03-24 18:08:38
2020-03-24 18:08:39,742201.0,742563.0,2020-03-24 18:08:39
2020-03-24 18:08:40,742201.0,742563.0,2020-03-24 18:08:40
2020-03-24 18:08:42,742201.0,742563.0,2020-03-24 18:08:41
2020-03-24 18:08:43,742201.0,742563.0,2020-03-24 18:08:43
2020-03-24 18:08:44,742201.0,742563.0,2020-03-24 18:08:44
2020-03-24 18:08:45,742201.0,742563.0,2020-03-24 18:08:45
2020-03-24 18:08:46,742201.0,742563.0,2020-03-24 18:08:46
2020-03-24 18:08:47,741955.0,742189.0,2020-03-24 18:08:47
2020-03-24 18:08:48,741955.0,742189.0,2020-03-24 18:08:48
2020-03-24 18:08:49,741955.0,742189.0,2020-03-24 18:08:49
2020-03-24 18:08:50,741955.0,742189.0,2020-03-24 18:08:50
2020-03-24 18:08:51,742146.0,742247.0,2020-03-24 18:08:51
2020-03-24 18:08:52,742146.0,742247.0,2020-03-24 18:08:52
2020-03-24 18:08:53,742358.0,742449.0,2020-03-24 18:08:53
2020-03-24 18:08:54,742358.0,742449.0,2020-03-24 18:08:54
2020-03-24 18:08:56,742379.0,742469.0,2020-03-24 18:08:55
2020-03-24 18:08:57,742379.0,742469.0,2020-03-24 18:08:57
2020-03-24 18:08:58,742433.0,742468.0,2020-03-24 18:08:58
2020-03-24 18:08:59,742433.0,742468.0,2020-03-24 18:08:59
2020-03-24 18:09:00,742389.0,742469.0,2020-03-24 18:09:00
2020-03-24 18:09:01,742389.0,742469.0,2020-03-24 18:09:01
2020-03-24 18:09:02,742472.0,742490.0,2020-03-24 18:09:02
2020-03-24 18:09:03,742679.0,742951.0,2020-03-24 18:09:03
2020-03-24 18:09:04,742679.0,742951.0,2020-03-24 18:09:04
2020-03-24 18:09:05,742710.0,742927.0,2020-03-24 18:09:05
2020-03-24 18:09:06,742710.0,742927.0,2020-03-24 18:09:06
2020-03-24 18:09:07,742732.0,742935.0,2020-03-24 18:09:07
2020-03-24 18:09:09,742732.0,742935.0,2020-03-24 18:09:08
2020-03-24 18:09:10,742547.0,742641.0,2020-03-24 18:09:10
2020-03-24 18:09:11,742547.0,742641.0,2020-03-24 18:09:11
2020-03-24 18:09:12,742588.0,742752.0,2020-03-24 18:09:12
2020-03-24 18:09:13,742588.0,742752.0,2020-03-24 18:09:13
2020-03-24 18:09:14,742792.0,742802.0,2020-03-24 18:09:14
2020-03-24 18:09:15,742792.0,742802.0,2020-03-24 18:09:15
2020-03-24 18:09:16,742753.0,742764.0,2020-03-24 18:09:16
2020-03-24 18:09:17,742753.0,742764.0,2020-03-24 18:09:17
2020-03-24 18:09:18,742782.0,742951.0,2020-03-24 18:09:18
2020-03-24 18:09:19,742782.0,742951.0,2020-03-24 18:09:19
2020-03-24 18:09:20,742760.0,742950.0,2020-03-24 18:09:20
2020-03-24 18:09:22,742760.0,742950.0,2020-03-24 18:09:21
2020-03-24 18:09:23,742783.0,742948.0,2020-03-24 18:09:23
2020-03-24 18:09:24,742783.0,742948.0,2020-03-24 18:09:24
2020-03-24 18:09:25,742897.0,742951.0,2020-03-24 18:09:25
2020-03-24 18:09:26,742897.0,742951.0,2020-03-24 18:09:26
2020-03-24 18:09:27,742817.0,742820.0,2020-03-24 18:09:27
2020-03-24 18:09:28,742817.0,742820.0,2020-03-24 18:09:28
2020-03-24 18:09:29,742689.0,742887.0,2020-03-24 18:09:29
2020-03-24 18:09:30,742689.0,742887.0,2020-03-24 18:09:30
2020-03-24 18:09:31,742799.0,743034.0,2020-03-24 18:09:31
2020-03-24 18:09:32,742799.0,743034.0,2020-03-24 18:09:32
2020-03-24 18:09:33,742800.0,743034.0,2020-03-24 18:09:33
2020-03-24 18:09:35,743356.0,743590.0,2020-03-24 18:09:34
2020-03-24 18:09:36,743356.0,743590.0,2020-03-24 18:09:36
2020-03-24 18:09:37,743384.0,743557.0,2020-03-24 18:09:37
2020-03-24 18:09:38,743384.0,743557.0,2020-03-24 18:09:38
2020-03-24 18:09:39,743384.0,743557.0,2020-03-24 18:09:39
2020-03-24 18:09:40,743384.0,743557.0,2020-03-24 18:09:40
2020-03-24 18:09:41,743384.0,743557.0,2020-03-24 18:09:41
2020-03-24 18:09:42,743384.0,743557.0,2020-03-24 18:09:42
2020-03-24 18:09:43,743500.0,743557.0,2020-03-24 18:09:43
2020-03-24 18:09:44,743500.0,743557.0,2020-03-24 18:09:44
2020-03-24 18:09:45,744337.0,744550.0,2020-03-24 18:09:45
2020-03-24 18:09:46,744337.0,744550.0,2020-03-24 18:09:46
2020-03-24 18:09:47,743975.0,744345.0,2020-03-24 18:09:47
2020-03-24 18:09:49,743975.0,744345.0,2020-03-24 18:09:48
2020-03-24 18:09:50,744069.0,744500.0,2020-03-24 18:09:50
2020-03-24 18:09:51,744069.0,744500.0,2020-03-24 18:09:51
2020-03-24 18:09:52,744086.0,744488.0,2020-03-24 18:09:52
2020-03-24 18:09:53,744086.0,744488.0,2020-03-24 18:09:53
2020-03-24 18:09:54,744143.0,744447.0,2020-03-24 18:09:54
2020-03-24 18:09:55,744143.0,744447.0,2020-03-24 18:09:55
2020-03-24 18:09:56,743626.0,743943.0,2020-03-24 18:09:56
2020-03-24 18:09:57,743626.0,743943.0,2020-03-24 18:09:57
2020-03-24 18:09:58,743521.0,743910.0,2020-03-24 18:09:58
2020-03-24 18:09:59,743521.0,743910.0,2020-03-24 18:09:59
2020-03-24 18:10:00,743724.0,743874.0,2020-03-24 18:10:00
2020-03-24 18:10:01,743724.0,743874.0,2020-03-24 18:10:01
2020-03-24 18:10:03,743500.0,743520.0,2020-03-24 18:10:02
2020-03-24 18:10:04,743500.0,743520.0,2020-03-24 18:10:04
2020-03-24 18:10:05,743644.0,743840.0,2020-03-24 18:10:05
2020-03-24 18:10:06,743644.0,743840.0,2020-03-24 18:10:06
2020-03-24 18:10:07,743698.0,744026.0,2020-03-24 18:10:07
2020-03-24 18:10:08,743698.0,744026.0,2020-03-24 18:10:08
2020-03-24 18:10:09,743291.0,743846.0,2020-03-24 18:10:09
2020-03-24 18:10:10,743061.0,743346.0,2020-03-24 18:10:10
2020-03-24 18:10:11,743061.0,743346.0,2020-03-24 18:10:11
2020-03-24 18:10:12,743256.0,743458.0,2020-03-24 18:10:12
2020-03-24 18:10:13,743256.0,743458.0,2020-03-24 18:10:13
2020-03-24 18:10:14,743081.0,743314.0,2020-03-24 18:10:14
2020-03-24 18:10:15,743081.0,743314.0,2020-03-24 18:10:15
2020-03-24 18:10:17,743083.0,743133.0,2020-03-24 18:10:16
2020-03-24 18:10:18,743083.0,743133.0,2020-03-24 18:10:18
2020-03-24 18:10:19,743001.0,743333.0,2020-03-24 18:10:19
2020-03-24 18:10:20,743001.0,743333.0,2020-03-24 18:10:20
2020-03-24 18:10:21,743133.0,743438.0,2020-03-24 18:10:21
2020-03-24 18:10:22,743133.0,743438.0,2020-03-24 18:10:22
2020-03-24 18:10:23,743133.0,743260.0,2020-03-24 18:10:23
2020-03-24 18:10:24,743133.0,743260.0,2020-03-24 18:10:24
2020-03-24 18:10:25,743133.0,743273.0,2020-03-24 18:10:25
2020-03-24 18:10:26,743133.0,743273.0,2020-03-24 18:10:26
2020-03-24 18:10:27,743133.0,743246.0,2020-03-24 18:10:27
2020-03-24 18:10:28,743133.0,743246.0,2020-03-24 18:10:28
2020-03-24 18:10:29,743133.0,743246.0,2020-03-24 18:10:29
2020-03-24 18:10:30,743133.0,743246.0,2020-03-24 18:10:30
2020-03-24 18:10:31,743133.0,743277.0,2020-03-24 18:10:31
2020-03-24 18:10:33,743133.0,743277.0,2020-03-24 18:10:32
2020-03-24 18:10:34,743133.0,743277.0,2020-03-24 18:10:34
2020-03-24 18:10:35,743133.0,743277.0,2020-03-24 18:10:35
2020-03-24 18:10:36,743133.0,743277.0,2020-03-24 18:10:36
2020-03-24 18:10:37,743133.0,743277.0,2020-03-24 18:10:37
2020-03-24 18:10:38,743133.0,743277.0,2020-03-24 18:10:38
2020-03-24 18:10:39,743133.0,743277.0,2020-03-24 18:10:39
2020-03-24 18:10:40,743133.0,743277.0,2020-03-24 18:10:40
2020-03-24 18:10:41,743133.0,743277.0,2020-03-24 18:10:41
2020-03-24 18:10:42,743780.0,743920.0,2020-03-24 18:10:42
2020-03-24 18:10:43,743780.0,743920.0,2020-03-24 18:10:43
2020-03-24 18:10:44,743864.0,744020.0,2020-03-24 18:10:44
2020-03-24 18:10:45,743864.0,744020.0,2020-03-24 18:10:45
2020-03-24 18:10:46,743864.0,744074.0,2020-03-24 18:10:46
2020-03-24 18:10:48,743864.0,744074.0,2020-03-24 18:10:47
2020-03-24 18:10:49,743864.0,744074.0,2020-03-24 18:10:49
2020-03-24 18:10:50,743864.0,744074.0,2020-03-24 18:10:50
2020-03-24 18:10:51,743864.0,744074.0,2020-03-24 18:10:51
2020-03-24 18:10:52,743864.0,744074.0,2020-03-24 18:10:52
2020-03-24 18:10:53,743719.0,744059.0,2020-03-24 18:10:53
2020-03-24 18:10:54,743719.0,744059.0,2020-03-24 18:10:54
2020-03-24 18:10:55,743506.0,744004.0,2020-03-24 18:10:55
2020-03-24 18:10:56,743506.0,744004.0,2020-03-24 18:10:56
2020-03-24 18:10:57,744024.0,744112.0,2020-03-24 18:10:57
2020-03-24 18:10:58,744024.0,744112.0,2020-03-24 18:10:58
2020-03-24 18:10:59,743938.0,744112.0,2020-03-24 18:10:59
2020-03-24 18:11:01,744435.0,744437.0,2020-03-24 18:11:00
2020-03-24 18:11:02,744435.0,744437.0,2020-03-24 18:11:02
2020-03-24 18:11:03,744511.0,744724.0,2020-03-24 18:11:03
2020-03-24 18:11:04,744511.0,744724.0,2020-03-24 18:11:04
2020-03-24 18:11:05,744510.0,744816.0,2020-03-24 18:11:05
2020-03-24 18:11:06,744510.0,744816.0,2020-03-24 18:11:06
2020-03-24 18:11:07,744913.0,745118.0,2020-03-24 18:11:07
2020-03-24 18:11:08,744913.0,745118.0,2020-03-24 18:11:08
2020-03-24 18:11:09,744958.0,745403.0,2020-03-24 18:11:09
2020-03-24 18:11:10,744958.0,745403.0,2020-03-24 18:11:10
2020-03-24 18:11:11,745295.0,745520.0,2020-03-24 18:11:11
2020-03-24 18:11:12,745295.0,745520.0,2020-03-24 18:11:12
2020-03-24 18:11:14,745086.0,745426.0,2020-03-24 18:11:13
2020-03-24 18:11:15,745086.0,745426.0,2020-03-24 18:11:15
2020-03-24 18:11:16,744584.0,744841.0,2020-03-24 18:11:16
2020-03-24 18:11:17,744584.0,744841.0,2020-03-24 18:11:17
2020-03-24 18:11:18,744600.0,744814.0,2020-03-24 18:11:18
2020-03-24 18:11:19,744600.0,744814.0,2020-03-24 18:11:19
2020-03-24 18:11:20,744119.0,744678.0,2020-03-24 18:11:20
2020-03-24 18:11:21,744119.0,744678.0,2020-03-24 18:11:21
2020-03-24 18:11:22,744119.0,744621.0,2020-03-24 18:11:22
2020-03-24 18:11:23,744119.0,744621.0,2020-03-24 18:11:23
2020-03-24 18:11:24,744119.0,744621.0,2020-03-24 18:11:24
2020-03-24 18:11:25,744119.0,744621.0,2020-03-24 18:11:25
2020-03-24 18:11:26,744120.0,744588.0,2020-03-24 18:11:26
2020-03-24 18:11:27,744120.0,744588.0,2020-03-24 18:11:27
2020-03-24 18:11:29,744229.0,744406.0,2020-03-24 18:11:28
2020-03-24 18:11:30,744263.0,744406.0,2020-03-24 18:11:30
2020-03-24 18:11:31,744263.0,744406.0,2020-03-24 18:11:31
2020-03-24 18:11:32,744263.0,744353.0,2020-03-24 18:11:32
2020-03-24 18:11:33,744263.0,744353.0,2020-03-24 18:11:33
2020-03-24 18:11:34,744089.0,744406.0,2020-03-24 18:11:34
2020-03-24 18:11:35,744089.0,744406.0,2020-03-24 18:11:35
2020-03-24 18:11:36,743957.0,744340.0,2020-03-24 18:11:36
2020-03-24 18:11:37,743957.0,744340.0,2020-03-24 18:11:37
2020-03-24 18:11:39,743947.0,744153.0,2020-03-24 18:11:38
2020-03-24 18:11:40,743947.0,744153.0,2020-03-24 18:11:40
2020-03-24 18:11:41,744051.0,744153.0,2020-03-24 18:11:41
2020-03-24 18:11:42,744051.0,744153.0,2020-03-24 18:11:42
2020-03-24 18:11:43,743746.0,744013.0,2020-03-24 18:11:43
2020-03-24 18:11:44,743746.0,744013.0,2020-03-24 18:11:44
2020-03-24 18:11:45,743802.0,744163.0,2020-03-24 18:11:45
2020-03-24 18:11:46,743802.0,744163.0,2020-03-24 18:11:46
2020-03-24 18:11:47,743769.0,744078.0,2020-03-24 18:11:47
2020-03-24 18:11:48,743769.0,744078.0,2020-03-24 18:11:48
2020-03-24 18:11:49,743629.0,743699.0,2020-03-24 18:11:49
2020-03-24 18:11:50,743629.0,743699.0,2020-03-24 18:11:50
2020-03-24 18:11:52,743650.0,743838.0,2020-03-24 18:11:51
2020-03-24 18:11:53,743650.0,743838.0,2020-03-24 18:11:53
2020-03-24 18:11:54,743545.0,743932.0,2020-03-24 18:11:54
2020-03-24 18:11:55,743545.0,743932.0,2020-03-24 18:11:55
2020-03-24 18:11:56,743545.0,743959.0,2020-03-24 18:11:56
2020-03-24 18:11:57,743545.0,743959.0,2020-03-24 18:11:57
2020-03-24 18:11:58,743763.0,744065.0,2020-03-24 18:11:58
2020-03-24 18:11:59,743763.0,744065.0,2020-03-24 18:11:59
2020-03-24 18:12:00,744222.0,744286.0,2020-03-24 18:12:00
2020-03-24 18:12:01,744222.0,744286.0,2020-03-24 18:12:01
2020-03-24 18:12:02,744111.0,744289.0,2020-03-24 18:12:02
2020-03-24 18:12:03,744111.0,744289.0,2020-03-24 18:12:03
2020-03-24 18:12:05,744111.0,744276.0,2020-03-24 18:12:04
2020-03-24 18:12:06,744082.0,744276.0,2020-03-24 18:12:06
2020-03-24 18:12:07,744082.0,744276.0,2020-03-24 18:12:07
2020-03-24 18:12:08,744082.0,744276.0,2020-03-24 18:12:08
2020-03-24 18:12:09,744082.0,744276.0,2020-03-24 18:12:09
2020-03-24 18:12:10,744082.0,744276.0,2020-03-24 18:12:10
2020-03-24 18:12:11,744082.0,744276.0,2020-03-24 18:12:11
2020-03-24 18:12:12,744161.0,744276.0,2020-03-24 18:12:12
2020-03-24 18:12:13,744161.0,744276.0,2020-03-24 18:12:13
2020-03-24 18:12:14,743117.0,743373.0,2020-03-24 18:12:14
2020-03-24 18:12:15,743117.0,743373.0,2020-03-24 18:12:15
2020-03-24 18:12:16,743154.0,743339.0,2020-03-24 18:12:16
2020-03-24 18:12:17,743154.0,743339.0,2020-03-24 18:12:17
2020-03-24 18:12:19,743225.0,743324.0,2020-03-24 18:12:18
2020-03-24 18:12:20,743225.0,743324.0,2020-03-24 18:12:20
2020-03-24 18:12:21,743270.0,743362.0,2020-03-24 18:12:21
2020-03-24 18:12:22,743270.0,743362.0,2020-03-24 18:12:22
2020-03-24 18:12:23,743009.0,743263.0,2020-03-24 18:12:23
2020-03-24 18:12:24,743009.0,743263.0,2020-03-24 18:12:24
2020-03-24 18:12:25,743056.0,743298.0,2020-03-24 18:12:25
2020-03-24 18:12:26,743056.0,743298.0,2020-03-24 18:12:26
2020-03-24 18:12:27,743106.0,743420.0,2020-03-24 18:12:27
2020-03-24 18:12:28,743106.0,743420.0,2020-03-24 18:12:28
2020-03-24 18:12:29,743059.0,743297.0,2020-03-24 18:12:29
2020-03-24 18:12:30,743059.0,743297.0,2020-03-24 18:12:30
2020-03-24 18:12:31,743092.0,743385.0,2020-03-24 18:12:31
2020-03-24 18:12:32,743092.0,743385.0,2020-03-24 18:12:32
2020-03-24 18:12:33,743376.0,743384.0,2020-03-24 18:12:33
2020-03-24 18:12:35,743376.0,743384.0,2020-03-24 18:12:34
2020-03-24 18:12:36,743009.0,743331.0,2020-03-24 18:12:36
2020-03-24 18:12:37,743009.0,743331.0,2020-03-24 18:12:37
2020-03-24 18:12:38,743009.0,743331.0,2020-03-24 18:12:38
2020-03-24 18:12:39,743009.0,743331.0,2020-03-24 18:12:39
2020-03-24 18:12:40,743059.0,743331.0,2020-03-24 18:12:40
2020-03-24 18:12:41,743059.0,743331.0,2020-03-24 18:12:41
2020-03-24 18:12:42,743062.0,743331.0,2020-03-24 18:12:42
2020-03-24 18:12:43,743062.0,743331.0,2020-03-24 18:12:43
2020-03-24 18:12:44,742777.0,743288.0,2020-03-24 18:12:44
2020-03-24 18:12:45,742777.0,743288.0,2020-03-24 18:12:45
2020-03-24 18:12:46,742989.0,743138.0,2020-03-24 18:12:46
2020-03-24 18:12:47,742989.0,743138.0,2020-03-24 18:12:47
2020-03-24 18:12:49,743402.0,743508.0,2020-03-24 18:12:48
2020-03-24 18:12:50,743402.0,743508.0,2020-03-24 18:12:50
2020-03-24 18:12:51,744051.0,744189.0,2020-03-24 18:12:51
2020-03-24 18:12:53,744071.0,744196.0,2020-03-24 18:12:52
2020-03-24 18:12:54,744071.0,744196.0,2020-03-24 18:12:54
2020-03-24 18:12:55,743976.0,744074.0,2020-03-24 18:12:55
2020-03-24 18:12:56,743976.0,744074.0,2020-03-24 18:12:56
2020-03-24 18:12:57,744040.0,744074.0,2020-03-24 18:12:57
2020-03-24 18:12:58,744040.0,744074.0,2020-03-24 18:12:58
2020-03-24 18:12:59,744040.0,744192.0,2020-03-24 18:12:59
2020-03-24 18:13:00,744040.0,744192.0,2020-03-24 18:13:00
2020-03-24 18:13:01,744269.0,744289.0,2020-03-24 18:13:01
2020-03-24 18:13:02,744269.0,744289.0,2020-03-24 18:13:02
2020-03-24 18:13:03,744269.0,744319.0,2020-03-24 18:13:03
2020-03-24 18:13:04,744269.0,744319.0,2020-03-24 18:13:04
2020-03-24 18:13:05,744436.0,744449.0,2020-03-24 18:13:05
2020-03-24 18:13:07,744436.0,744449.0,2020-03-24 18:13:06
2020-03-24 18:13:08,744436.0,744449.0,2020-03-24 18:13:08
2020-03-24 18:13:09,744436.0,744449.0,2020-03-24 18:13:09
2020-03-24 18:13:10,744436.0,744449.0,2020-03-24 18:13:10
2020-03-24 18:13:11,744436.0,744449.0,2020-03-24 18:13:11
2020-03-24 18:13:12,744436.0,744449.0,2020-03-24 18:13:12
2020-03-24 18:13:13,744330.0,744364.0,2020-03-24 18:13:13
2020-03-24 18:13:14,744330.0,744364.0,2020-03-24 18:13:14
2020-03-24 18:13:15,744335.0,744364.0,2020-03-24 18:13:15
2020-03-24 18:13:16,744335.0,744364.0,2020-03-24 18:13:16
2020-03-24 18:13:17,743950.0,744093.0,2020-03-24 18:13:17
2020-03-24 18:13:18,743950.0,744093.0,2020-03-24 18:13:18
2020-03-24 18:13:19,743626.0,743657.0,2020-03-24 18:13:19
2020-03-24 18:13:21,743626.0,743657.0,2020-03-24 18:13:21
2020-03-24 18:13:22,743573.0,743599.0,2020-03-24 18:13:22
2020-03-24 18:13:23,743573.0,743599.0,2020-03-24 18:13:23
