timestamp,bid,ask,tick_timestamp
2020-04-21 09:31:45,743628,744041,2020-04-21 09:31:45.851
2020-04-21 09:31:46,743667,744041,2020-04-21 09:31:46.877
2020-04-21 09:31:47,743668,744041,2020-04-21 09:31:47.923
2020-04-21 09:31:48,743674,744041,2020-04-21 09:31:48.956
2020-04-21 09:31:50,743681,744067,2020-04-21 09:31:50.120
2020-04-21 09:31:51,743681,744060,2020-04-21 09:31:51.142
2020-04-21 09:31:52,743678,744054,2020-04-21 09:31:52.199
2020-04-21 09:31:53,743680,744049,2020-04-21 09:31:53.239
2020-04-21 09:31:54,743682,744045,2020-04-21 09:31:54.378
2020-04-21 09:31:55,743706,744071,2020-04-21 09:31:55.463
2020-04-21 09:31:56,743706,744065,2020-04-21 09:31:56.488
2020-04-21 09:31:57,743709,744059,2020-04-21 09:31:57.504
2020-04-21 09:31:58,743710,744059,2020-04-21 09:31:58.534
2020-04-21 09:31:59,743713,744054,2020-04-21 09:31:59.559
2020-04-21 09:32:00,743718,744032,2020-04-21 09:32:00.760
2020-04-21 09:32:01,743539,744023,2020-04-21 09:32:01.809
2020-04-21 09:32:02,743177,743538,2020-04-21 09:32:02.834
2020-04-21 09:32:03,743177,743531,2020-04-21 09:32:03.856
2020-04-21 09:32:04,743177,743429,2020-04-21 09:32:04.904
2020-04-21 09:32:05,743177,743403,2020-04-21 09:32:05.914
2020-04-21 09:32:06,743177,743397,2020-04-21 09:32:06.949
2020-04-21 09:32:07,743177,743395,2020-04-21 09:32:07.977
2020-04-21 09:32:09,743186,743394,2020-04-21 09:32:09.044
2020-04-21 09:32:10,743212,743630,2020-04-21 09:32:10.053
2020-04-21 09:32:11,743217,743629,2020-04-21 09:32:11.075
2020-04-21 09:32:12,743222,743620,2020-04-21 09:32:12.193
2020-04-21 09:32:13,743648,743655,2020-04-21 09:32:13.220
2020-04-21 09:32:14,743227,743645,2020-04-21 09:32:14.263
2020-04-21 09:32:15,743252,743634,2020-04-21 09:32:15.305
2020-04-21 09:32:16,743253,743634,2020-04-21 09:32:16.414
2020-04-21 09:32:17,743748,743795,2020-04-21 09:32:17.432
2020-04-21 09:32:18,743273,743786,2020-04-21 09:32:18.512
2020-04-21 09:32:19,743299,743697,2020-04-21 09:32:19.541
2020-04-21 09:32:20,743302,743697,2020-04-21 09:32:20.588
2020-04-21 09:32:21,743312,743697,2020-04-21 09:32:21.618
2020-04-21 09:32:22,743341,743697,2020-04-21 09:32:22.676
2020-04-21 09:32:23,743347,743697,2020-04-21 09:32:23.729
2020-04-21 09:32:24,743348,743697,2020-04-21 09:32:24.757
2020-04-21 09:32:25,743359,743697,2020-04-21 09:32:25.870
2020-04-21 09:32:26,743388,743800,2020-04-21 09:32:26.915
2020-04-21 09:32:27,743398,743794,2020-04-21 09:32:27.961
2020-04-21 09:32:28,743400,743794,2020-04-21 09:32:28.977
2020-04-21 09:32:30,743406,743800,2020-04-21 09:32:30.177
2020-04-21 09:32:31,743432,743800,2020-04-21 09:32:31.201
2020-04-21 09:32:32,743438,743987,2020-04-21 09:32:32.251
2020-04-21 09:32:33,743438,743987,2020-04-21 09:32:33.287
2020-04-21 09:32:34,743543,743800,2020-04-21 09:32:34.343
2020-04-21 09:32:35,743543,743800,2020-04-21 09:32:35.643
2020-04-21 09:32:36,743455,743800,2020-04-21 09:32:36.652
2020-04-21 09:32:37,743461,743800,2020-04-21 09:32:37.683
2020-04-21 09:32:38,743470,743800,2020-04-21 09:32:38.738
2020-04-21 09:32:39,743476,744087,2020-04-21 09:32:39.754
2020-04-21 09:32:40,743480,744101,2020-04-21 09:32:40.865
2020-04-21 09:32:41,743490,744110,2020-04-21 09:32:41.930
2020-04-21 09:32:42,743499,744110,2020-04-21 09:32:42.947
2020-04-21 09:32:43,743505,744113,2020-04-21 09:32:43.976
2020-04-21 09:32:45,743512,744105,2020-04-21 09:32:45.074
2020-04-21 09:32:46,743520,744105,2020-04-21 09:32:46.146
2020-04-21 09:32:47,743526,744108,2020-04-21 09:32:47.268
2020-04-21 09:32:48,743532,744112,2020-04-21 09:32:48.366
2020-04-21 09:32:49,743561,744112,2020-04-21 09:32:49.385
2020-04-21 09:32:50,743570,744121,2020-04-21 09:32:50.452
2020-04-21 09:32:51,743576,744120,2020-04-21 09:32:51.469
2020-04-21 09:32:52,743604,744113,2020-04-21 09:32:52.506
2020-04-21 09:32:53,743628,744113,2020-04-21 09:32:53.567
2020-04-21 09:32:54,743635,744112,2020-04-21 09:32:54.647
2020-04-21 09:32:55,743640,744112,2020-04-21 09:32:55.669
2020-04-21 09:32:56,743649,744112,2020-04-21 09:32:56.722
2020-04-21 09:32:57,743655,744112,2020-04-21 09:32:57.854
2020-04-21 09:32:58,743668,744121,2020-04-21 09:32:58.884
2020-04-21 09:32:59,743667,744111,2020-04-21 09:32:59.901
2020-04-21 09:33:00,743675,744110,2020-04-21 09:33:00.963
2020-04-21 09:33:02,743683,744103,2020-04-21 09:33:02.265
2020-04-21 09:33:03,743683,744105,2020-04-21 09:33:03.302
2020-04-21 09:33:04,743624,744110,2020-04-21 09:33:04.312
2020-04-21 09:33:05,743620,744113,2020-04-21 09:33:05.330
2020-04-21 09:33:06,743624,744113,2020-04-21 09:33:06.386
2020-04-21 09:33:07,743633,744108,2020-04-21 09:33:07.409
2020-04-21 09:33:08,743628,744103,2020-04-21 09:33:08.560
2020-04-21 09:33:09,743631,744103,2020-04-21 09:33:09.579
2020-04-21 09:33:10,743522,744094,2020-04-21 09:33:10.606
2020-04-21 09:33:11,743517,744085,2020-04-21 09:33:11.634
2020-04-21 09:33:12,743541,744077,2020-04-21 09:33:12.659
2020-04-21 09:33:13,743546,744076,2020-04-21 09:33:13.700
2020-04-21 09:33:14,743552,744096,2020-04-21 09:33:14.735
2020-04-21 09:33:15,743927,744121,2020-04-21 09:33:15.774
2020-04-21 09:33:16,743949,744200,2020-04-21 09:33:16.810
2020-04-21 09:33:17,743954,744200,2020-04-21 09:33:17.849
2020-04-21 09:33:18,743963,744200,2020-04-21 09:33:18.895
2020-04-21 09:33:19,743970,744200,2020-04-21 09:33:19.950
2020-04-21 09:33:20,743970,744200,2020-04-21 09:33:20.967
2020-04-21 09:33:22,743926,744194,2020-04-21 09:33:22.076
2020-04-21 09:33:23,743927,744199,2020-04-21 09:33:23.109
2020-04-21 09:33:24,743932,744194,2020-04-21 09:33:24.143
2020-04-21 09:33:25,743932,744194,2020-04-21 09:33:25.181
2020-04-21 09:33:26,743942,744192,2020-04-21 09:33:26.209
2020-04-21 09:33:27,743947,744189,2020-04-21 09:33:27.658
2020-04-21 09:33:28,743947,744185,2020-04-21 09:33:28.671
2020-04-21 09:33:29,743835,744183,2020-04-21 09:33:29.772
2020-04-21 09:33:30,743861,744180,2020-04-21 09:33:30.793
2020-04-21 09:33:31,743861,744180,2020-04-21 09:33:31.853
2020-04-21 09:33:32,743866,744178,2020-04-21 09:33:32.925
2020-04-21 09:33:33,743866,744171,2020-04-21 09:33:33.955
2020-04-21 09:33:35,743834,744169,2020-04-21 09:33:35.657
2020-04-21 09:33:36,743834,744165,2020-04-21 09:33:36.850
2020-04-21 09:33:38,743839,744161,2020-04-21 09:33:38.058
2020-04-21 09:33:39,743839,744159,2020-04-21 09:33:39.066
2020-04-21 09:33:40,743839,744155,2020-04-21 09:33:40.160
2020-04-21 09:33:41,743819,744153,2020-04-21 09:33:41.478
2020-04-21 09:33:42,743819,744196,2020-04-21 09:33:42.513
2020-04-21 09:33:43,743824,744194,2020-04-21 09:33:43.541
2020-04-21 09:33:44,743832,744194,2020-04-21 09:33:44.580
2020-04-21 09:33:45,743832,744195,2020-04-21 09:33:45.587
2020-04-21 09:33:46,743860,744194,2020-04-21 09:33:46.599
2020-04-21 09:33:47,743871,744195,2020-04-21 09:33:47.622
2020-04-21 09:33:48,743871,744195,2020-04-21 09:33:48.764
2020-04-21 09:33:49,743876,744345,2020-04-21 09:33:49.889
2020-04-21 09:33:50,743891,744342,2020-04-21 09:33:50.942
2020-04-21 09:33:52,743896,744339,2020-04-21 09:33:52.039
2020-04-21 09:33:53,743897,744337,2020-04-21 09:33:53.057
2020-04-21 09:33:54,743902,744334,2020-04-21 09:33:54.165
2020-04-21 09:33:55,743902,744332,2020-04-21 09:33:55.177
2020-04-21 09:33:56,743902,744330,2020-04-21 09:33:56.185
2020-04-21 09:33:57,743848,744328,2020-04-21 09:33:57.203
2020-04-21 09:33:58,743853,744327,2020-04-21 09:33:58.458
2020-04-21 09:33:59,743813,744313,2020-04-21 09:33:59.495
2020-04-21 09:34:00,743818,744311,2020-04-21 09:34:00.508
2020-04-21 09:34:01,743809,744302,2020-04-21 09:34:01.515
2020-04-21 09:34:02,743809,744270,2020-04-21 09:34:02.639
2020-04-21 09:34:03,743818,744262,2020-04-21 09:34:03.693
2020-04-21 09:34:04,743818,744256,2020-04-21 09:34:04.706
2020-04-21 09:34:05,743828,744246,2020-04-21 09:34:05.719
2020-04-21 09:34:06,743831,744238,2020-04-21 09:34:06.974
2020-04-21 09:34:08,743836,744233,2020-04-21 09:34:08.004
2020-04-21 09:34:09,743836,744220,2020-04-21 09:34:09.021
2020-04-21 09:34:10,743836,744220,2020-04-21 09:34:10.101
2020-04-21 09:34:11,743841,744213,2020-04-21 09:34:11.127
2020-04-21 09:34:12,743841,744205,2020-04-21 09:34:12.159
2020-04-21 09:34:13,743838,744201,2020-04-21 09:34:13.177
2020-04-21 09:34:14,743846,744195,2020-04-21 09:34:14.192
2020-04-21 09:34:15,743854,744186,2020-04-21 09:34:15.245
2020-04-21 09:34:16,743854,744181,2020-04-21 09:34:16.330
2020-04-21 09:34:18,743859,744178,2020-04-21 09:34:18.026
2020-04-21 09:34:19,743867,744165,2020-04-21 09:34:19.069
2020-04-21 09:34:20,743867,744157,2020-04-21 09:34:20.112
2020-04-21 09:34:21,743867,744154,2020-04-21 09:34:21.119
2020-04-21 09:34:22,743823,744150,2020-04-21 09:34:22.465
2020-04-21 09:34:23,743827,744145,2020-04-21 09:34:23.544
2020-04-21 09:34:24,743832,744139,2020-04-21 09:34:24.891
2020-04-21 09:34:26,743827,744133,2020-04-21 09:34:26.085
2020-04-21 09:34:27,743827,744124,2020-04-21 09:34:27.282
2020-04-21 09:34:28,743832,744118,2020-04-21 09:34:28.296
2020-04-21 09:34:29,743832,744109,2020-04-21 09:34:29.317
2020-04-21 09:34:30,743837,744103,2020-04-21 09:34:30.471
2020-04-21 09:34:31,743829,744098,2020-04-21 09:34:31.582
2020-04-21 09:34:32,743804,744091,2020-04-21 09:34:32.605
2020-04-21 09:34:33,743557,743808,2020-04-21 09:34:33.695
2020-04-21 09:34:34,743578,743807,2020-04-21 09:34:34.711
2020-04-21 09:34:35,743558,743805,2020-04-21 09:34:35.790
2020-04-21 09:34:36,743558,743799,2020-04-21 09:34:36.828
2020-04-21 09:34:38,743558,743799,2020-04-21 09:34:38.009
2020-04-21 09:34:39,743563,743826,2020-04-21 09:34:39.119
2020-04-21 09:34:40,743566,743816,2020-04-21 09:34:40.128
2020-04-21 09:34:41,743568,743816,2020-04-21 09:34:41.166
2020-04-21 09:34:42,743570,743821,2020-04-21 09:34:42.215
2020-04-21 09:34:43,743579,744049,2020-04-21 09:34:43.282
2020-04-21 09:34:44,743584,744044,2020-04-21 09:34:44.316
2020-04-21 09:34:45,743584,744044,2020-04-21 09:34:45.353
2020-04-21 09:34:46,743589,744010,2020-04-21 09:34:46.437
2020-04-21 09:34:47,743146,743547,2020-04-21 09:34:47.454
2020-04-21 09:34:48,743465,743550,2020-04-21 09:34:48.468
2020-04-21 09:34:49,743266,743545,2020-04-21 09:34:49.480
2020-04-21 09:34:50,743274,743787,2020-04-21 09:34:50.519
2020-04-21 09:34:51,743274,743778,2020-04-21 09:34:51.564
2020-04-21 09:34:52,743486,743684,2020-04-21 09:34:52.583
2020-04-21 09:34:53,743486,743678,2020-04-21 09:34:53.596
2020-04-21 09:34:54,743461,743673,2020-04-21 09:34:54.746
2020-04-21 09:34:55,743461,743667,2020-04-21 09:34:55.780
2020-04-21 09:34:56,743461,743665,2020-04-21 09:34:56.882
2020-04-21 09:34:57,743461,743659,2020-04-21 09:34:57.946
2020-04-21 09:34:59,743461,743659,2020-04-21 09:34:58.969
2020-04-21 09:35:00,743297,743653,2020-04-21 09:35:00.028
2020-04-21 09:35:01,743297,743461,2020-04-21 09:35:01.046
2020-04-21 09:35:02,743287,743461,2020-04-21 09:35:02.091
2020-04-21 09:35:03,743287,743461,2020-04-21 09:35:03.131
2020-04-21 09:35:04,743287,743461,2020-04-21 09:35:04.344
2020-04-21 09:35:05,743308,743461,2020-04-21 09:35:05.354
2020-04-21 09:35:06,743308,743461,2020-04-21 09:35:06.374
2020-04-21 09:35:07,743287,743461,2020-04-21 09:35:07.542
2020-04-21 09:35:08,743308,743461,2020-04-21 09:35:08.693
2020-04-21 09:35:09,743315,743461,2020-04-21 09:35:09.866
2020-04-21 09:35:10,743315,743460,2020-04-21 09:35:10.904
2020-04-21 09:35:11,743315,743461,2020-04-21 09:35:11.983
2020-04-21 09:35:13,743315,743461,2020-04-21 09:35:13.020
2020-04-21 09:35:14,743315,743461,2020-04-21 09:35:14.040
2020-04-21 09:35:15,743315,743461,2020-04-21 09:35:15.063
2020-04-21 09:35:16,743315,743461,2020-04-21 09:35:16.095
2020-04-21 09:35:17,743315,743461,2020-04-21 09:35:17.134
2020-04-21 09:35:18,743287,743461,2020-04-21 09:35:18.334
2020-04-21 09:35:19,743328,743477,2020-04-21 09:35:19.342
2020-04-21 09:35:20,743351,743603,2020-04-21 09:35:20.477
2020-04-21 09:35:21,743357,743736,2020-04-21 09:35:21.594
2020-04-21 09:35:22,743405,743593,2020-04-21 09:35:22.630
2020-04-21 09:35:23,743423,743737,2020-04-21 09:35:23.659
2020-04-21 09:35:24,743450,743750,2020-04-21 09:35:24.750
2020-04-21 09:35:25,743455,743795,2020-04-21 09:35:25.766
2020-04-21 09:35:27,743456,743795,2020-04-21 09:35:27.015
2020-04-21 09:35:28,743464,743791,2020-04-21 09:35:28.045
2020-04-21 09:35:29,743487,743794,2020-04-21 09:35:29.064
2020-04-21 09:35:30,743494,743985,2020-04-21 09:35:30.081
2020-04-21 09:35:31,743501,744097,2020-04-21 09:35:31.275
2020-04-21 09:35:32,743542,744100,2020-04-21 09:35:32.294
2020-04-21 09:35:33,743548,744105,2020-04-21 09:35:33.307
2020-04-21 09:35:34,743549,744092,2020-04-21 09:35:34.350
2020-04-21 09:35:35,743562,744092,2020-04-21 09:35:35.385
2020-04-21 09:35:36,743677,744339,2020-04-21 09:35:36.545
2020-04-21 09:35:37,743706,744333,2020-04-21 09:35:37.555
2020-04-21 09:35:38,743719,744319,2020-04-21 09:35:38.575
2020-04-21 09:35:39,743724,744319,2020-04-21 09:35:39.678
2020-04-21 09:35:40,743750,744311,2020-04-21 09:35:40.802
2020-04-21 09:35:41,743756,744305,2020-04-21 09:35:41.844
2020-04-21 09:35:42,743733,744258,2020-04-21 09:35:42.878
2020-04-21 09:35:44,743721,744249,2020-04-21 09:35:44.194
2020-04-21 09:35:45,743721,744222,2020-04-21 09:35:45.611
2020-04-21 09:35:46,743702,744216,2020-04-21 09:35:46.640
2020-04-21 09:35:47,743687,744096,2020-04-21 09:35:47.979
2020-04-21 09:35:49,743614,744074,2020-04-21 09:35:49.011
2020-04-21 09:35:50,743615,744069,2020-04-21 09:35:50.039
2020-04-21 09:35:51,743615,744068,2020-04-21 09:35:51.052
2020-04-21 09:35:52,743616,744060,2020-04-21 09:35:52.162
2020-04-21 09:35:53,743536,744033,2020-04-21 09:35:53.201
2020-04-21 09:35:54,743537,744028,2020-04-21 09:35:54.221
2020-04-21 09:35:55,743551,744018,2020-04-21 09:35:55.319
2020-04-21 09:35:56,743551,744018,2020-04-21 09:35:56.917
2020-04-21 09:35:58,743564,744004,2020-04-21 09:35:58.040
2020-04-21 09:35:59,743569,744000,2020-04-21 09:35:59.106
2020-04-21 09:36:00,743578,743998,2020-04-21 09:36:00.162
2020-04-21 09:36:01,743584,743993,2020-04-21 09:36:01.229
2020-04-21 09:36:02,743585,743987,2020-04-21 09:36:02.271
2020-04-21 09:36:03,743589,743986,2020-04-21 09:36:03.319
2020-04-21 09:36:04,743594,743984,2020-04-21 09:36:04.844
2020-04-21 09:36:05,743605,743988,2020-04-21 09:36:05.865
2020-04-21 09:36:06,743610,744055,2020-04-21 09:36:06.906
2020-04-21 09:36:07,743615,744052,2020-04-21 09:36:07.929
2020-04-21 09:36:09,743620,744047,2020-04-21 09:36:09.148
2020-04-21 09:36:10,743629,744041,2020-04-21 09:36:10.213
2020-04-21 09:36:11,743634,744036,2020-04-21 09:36:11.261
2020-04-21 09:36:12,743638,744031,2020-04-21 09:36:12.331
2020-04-21 09:36:13,743638,744025,2020-04-21 09:36:13.945
2020-04-21 09:36:14,743652,744023,2020-04-21 09:36:14.985
2020-04-21 09:36:15,743652,744023,2020-04-21 09:36:15.994
2020-04-21 09:36:17,743674,744204,2020-04-21 09:36:17.006
2020-04-21 09:36:18,744109,744160,2020-04-21 09:36:18.014
2020-04-21 09:36:19,744052,744160,2020-04-21 09:36:19.051
2020-04-21 09:36:20,744057,744205,2020-04-21 09:36:20.061
2020-04-21 09:36:21,744057,744205,2020-04-21 09:36:21.088
2020-04-21 09:36:22,743989,744205,2020-04-21 09:36:22.112
2020-04-21 09:36:23,743994,744205,2020-04-21 09:36:23.282
2020-04-21 09:36:24,743996,744205,2020-04-21 09:36:24.355
2020-04-21 09:36:25,744002,744205,2020-04-21 09:36:25.384
2020-04-21 09:36:26,744074,744205,2020-04-21 09:36:26.459
2020-04-21 09:36:27,744205,744437,2020-04-21 09:36:27.473
2020-04-21 09:36:28,744321,744494,2020-04-21 09:36:28.549
2020-04-21 09:36:29,744323,744500,2020-04-21 09:36:29.625
2020-04-21 09:36:30,744332,744500,2020-04-21 09:36:30.656
2020-04-21 09:36:32,744336,744500,2020-04-21 09:36:32.037
2020-04-21 09:36:33,744348,744754,2020-04-21 09:36:33.072
2020-04-21 09:36:34,744352,744760,2020-04-21 09:36:34.334
2020-04-21 09:36:35,744360,744760,2020-04-21 09:36:35.387
2020-04-21 09:36:36,744370,744760,2020-04-21 09:36:36.470
2020-04-21 09:36:37,744368,744479,2020-04-21 09:36:37.724
2020-04-21 09:36:38,744278,744478,2020-04-21 09:36:38.790
2020-04-21 09:36:39,744275,744478,2020-04-21 09:36:39.810
2020-04-21 09:36:41,744275,744478,2020-04-21 09:36:41.117
2020-04-21 09:36:42,744275,744760,2020-04-21 09:36:42.169
2020-04-21 09:36:43,744271,744732,2020-04-21 09:36:43.183
2020-04-21 09:36:44,744282,744732,2020-04-21 09:36:44.361
2020-04-21 09:36:45,744282,744669,2020-04-21 09:36:45.911
2020-04-21 09:36:46,744278,744479,2020-04-21 09:36:46.941
2020-04-21 09:36:48,744235,744479,2020-04-21 09:36:48.599
2020-04-21 09:36:49,744235,744479,2020-04-21 09:36:49.632
2020-04-21 09:36:50,744206,744602,2020-04-21 09:36:50.661
2020-04-21 09:36:51,744206,744601,2020-04-21 09:36:51.791
2020-04-21 09:36:52,744214,744601,2020-04-21 09:36:52.928
2020-04-21 09:36:54,744214,744600,2020-04-21 09:36:54.036
2020-04-21 09:36:55,744236,744599,2020-04-21 09:36:55.095
2020-04-21 09:36:56,744241,744599,2020-04-21 09:36:56.120
2020-04-21 09:36:57,744242,744879,2020-04-21 09:36:57.181
2020-04-21 09:36:58,744255,744870,2020-04-21 09:36:58.261
2020-04-21 09:36:59,744281,744869,2020-04-21 09:36:59.494
2020-04-21 09:37:00,744287,744866,2020-04-21 09:37:00.500
2020-04-21 09:37:01,744296,744858,2020-04-21 09:37:01.582
2020-04-21 09:37:02,744319,744857,2020-04-21 09:37:02.607
2020-04-21 09:37:03,744325,744855,2020-04-21 09:37:03.670
2020-04-21 09:37:04,744333,744848,2020-04-21 09:37:04.726
2020-04-21 09:37:05,744335,744847,2020-04-21 09:37:05.806
2020-04-21 09:37:06,744343,744818,2020-04-21 09:37:06.868
2020-04-21 09:37:07,744352,744818,2020-04-21 09:37:07.895
2020-04-21 09:37:09,744369,744817,2020-04-21 09:37:09.201
2020-04-21 09:37:10,744378,744817,2020-04-21 09:37:10.336
2020-04-21 09:37:11,744380,744817,2020-04-21 09:37:11.428
2020-04-21 09:37:12,744392,744817,2020-04-21 09:37:12.860
2020-04-21 09:37:14,744396,744817,2020-04-21 09:37:14.078
2020-04-21 09:37:15,744401,744817,2020-04-21 09:37:15.090
2020-04-21 09:37:16,744415,744795,2020-04-21 09:37:16.098
2020-04-21 09:37:17,744420,744794,2020-04-21 09:37:17.174
2020-04-21 09:37:18,744425,744787,2020-04-21 09:37:18.194
2020-04-21 09:37:19,744426,744785,2020-04-21 09:37:19.253
2020-04-21 09:37:20,744428,744785,2020-04-21 09:37:20.487
2020-04-21 09:37:21,744442,744777,2020-04-21 09:37:21.514
2020-04-21 09:37:22,744444,744780,2020-04-21 09:37:22.789
2020-04-21 09:37:23,744457,744969,2020-04-21 09:37:23.802
2020-04-21 09:37:24,744462,744969,2020-04-21 09:37:24.835
2020-04-21 09:37:25,744468,744967,2020-04-21 09:37:25.896
2020-04-21 09:37:26,744479,744959,2020-04-21 09:37:26.973
2020-04-21 09:37:28,744483,744959,2020-04-21 09:37:28.020
2020-04-21 09:37:29,744484,744963,2020-04-21 09:37:29.082
2020-04-21 09:37:30,744484,744963,2020-04-21 09:37:30.585
2020-04-21 09:37:31,745240,744963,2020-04-21 09:37:31.588
2020-04-21 09:37:32,745242,744963,2020-04-21 09:37:32.636
2020-04-21 09:37:33,745130,744963,2020-04-21 09:37:33.665
2020-04-21 09:37:34,745143,745508,2020-04-21 09:37:34.696
2020-04-21 09:37:35,745378,745762,2020-04-21 09:37:35.711
2020-04-21 09:37:36,745510,745741,2020-04-21 09:37:36.877
2020-04-21 09:37:37,745296,745521,2020-04-21 09:37:37.887
2020-04-21 09:37:38,745545,745738,2020-04-21 09:37:38.899
2020-04-21 09:37:39,745307,745545,2020-04-21 09:37:39.939
2020-04-21 09:37:41,745307,745519,2020-04-21 09:37:41.066
2020-04-21 09:37:42,745306,745518,2020-04-21 09:37:42.101
2020-04-21 09:37:43,745242,745518,2020-04-21 09:37:43.656
2020-04-21 09:37:44,745215,745513,2020-04-21 09:37:44.822
2020-04-21 09:37:45,745220,745729,2020-04-21 09:37:45.956
2020-04-21 09:37:46,745224,745721,2020-04-21 09:37:46.996
2020-04-21 09:37:48,745232,745538,2020-04-21 09:37:48.018
2020-04-21 09:37:49,745232,745537,2020-04-21 09:37:49.035
2020-04-21 09:37:50,745231,745535,2020-04-21 09:37:50.046
2020-04-21 09:37:51,745139,745529,2020-04-21 09:37:51.063
2020-04-21 09:37:52,745139,745505,2020-04-21 09:37:52.089
2020-04-21 09:37:53,744875,744999,2020-04-21 09:37:53.101
2020-04-21 09:37:54,744700,745487,2020-04-21 09:37:54.113
2020-04-21 09:37:55,744722,745247,2020-04-21 09:37:55.445
2020-04-21 09:37:56,744727,745239,2020-04-21 09:37:56.484
2020-04-21 09:37:57,744801,745238,2020-04-21 09:37:57.579
2020-04-21 09:37:58,744802,745235,2020-04-21 09:37:58.583
2020-04-21 09:37:59,744807,745225,2020-04-21 09:37:59.844
2020-04-21 09:38:00,744832,745227,2020-04-21 09:38:00.863
2020-04-21 09:38:01,744896,745233,2020-04-21 09:38:01.879
2020-04-21 09:38:02,744897,745237,2020-04-21 09:38:02.913
2020-04-21 09:38:03,744931,745237,2020-04-21 09:38:03.937
2020-04-21 09:38:05,744952,745443,2020-04-21 09:38:05.319
2020-04-21 09:38:06,744958,745442,2020-04-21 09:38:06.340
2020-04-21 09:38:07,745091,745439,2020-04-21 09:38:07.356
2020-04-21 09:38:08,745093,745434,2020-04-21 09:38:08.369
2020-04-21 09:38:09,745097,745430,2020-04-21 09:38:09.409
2020-04-21 09:38:10,745102,745423,2020-04-21 09:38:10.929
2020-04-21 09:38:11,745102,745424,2020-04-21 09:38:11.938
2020-04-21 09:38:13,745092,745424,2020-04-21 09:38:13.620
2020-04-21 09:38:14,745092,745419,2020-04-21 09:38:14.662
2020-04-21 09:38:15,745092,745390,2020-04-21 09:38:15.690
2020-04-21 09:38:16,744998,745387,2020-04-21 09:38:16.726
2020-04-21 09:38:18,744996,745378,2020-04-21 09:38:18.104
2020-04-21 09:38:19,744874,745373,2020-04-21 09:38:19.128
2020-04-21 09:38:20,744879,745346,2020-04-21 09:38:20.145
2020-04-21 09:38:21,744885,745341,2020-04-21 09:38:21.170
2020-04-21 09:38:22,744892,745334,2020-04-21 09:38:22.203
2020-04-21 09:38:23,744987,745502,2020-04-21 09:38:23.275
2020-04-21 09:38:24,744987,745502,2020-04-21 09:38:24.335
2020-04-21 09:38:25,744997,745495,2020-04-21 09:38:25.345
2020-04-21 09:38:26,745000,745493,2020-04-21 09:38:26.552
2020-04-21 09:38:27,745011,745464,2020-04-21 09:38:27.708
2020-04-21 09:38:28,745011,745453,2020-04-21 09:38:28.822
2020-04-21 09:38:29,744902,745447,2020-04-21 09:38:29.868
2020-04-21 09:38:30,744909,745443,2020-04-21 09:38:30.908
2020-04-21 09:38:31,744910,745421,2020-04-21 09:38:31.926
2020-04-21 09:38:32,744918,745416,2020-04-21 09:38:32.992
2020-04-21 09:38:34,744926,745407,2020-04-21 09:38:34.434
2020-04-21 09:38:35,744937,745376,2020-04-21 09:38:35.461
2020-04-21 09:38:36,744940,745375,2020-04-21 09:38:36.503
2020-04-21 09:38:37,744940,745374,2020-04-21 09:38:37.511
2020-04-21 09:38:38,744950,745366,2020-04-21 09:38:38.974
2020-04-21 09:38:40,744845,745337,2020-04-21 09:38:40.145
2020-04-21 09:38:41,744856,745330,2020-04-21 09:38:41.174
2020-04-21 09:38:42,744859,745318,2020-04-21 09:38:42.287
2020-04-21 09:38:43,744859,745313,2020-04-21 09:38:43.343
2020-04-21 09:38:44,744844,745307,2020-04-21 09:38:44.435
2020-04-21 09:38:45,744845,745305,2020-04-21 09:38:45.438
2020-04-21 09:38:46,745422,745449,2020-04-21 09:38:46.472
2020-04-21 09:38:47,744998,745448,2020-04-21 09:38:47.551
2020-04-21 09:38:48,745008,745443,2020-04-21 09:38:48.597
2020-04-21 09:38:49,745010,745446,2020-04-21 09:38:49.857
2020-04-21 09:38:50,745036,745439,2020-04-21 09:38:50.920
2020-04-21 09:38:51,745045,745439,2020-04-21 09:38:51.932
2020-04-21 09:38:53,745045,745433,2020-04-21 09:38:53.843
2020-04-21 09:38:54,745064,745426,2020-04-21 09:38:54.904
2020-04-21 09:38:55,745070,745423,2020-04-21 09:38:55.947
2020-04-21 09:38:57,745075,745423,2020-04-21 09:38:57.013
2020-04-21 09:38:58,745616,745800,2020-04-21 09:38:58.031
2020-04-21 09:38:59,745617,746228,2020-04-21 09:38:59.038
2020-04-21 09:39:00,745618,746221,2020-04-21 09:39:00.067
2020-04-21 09:39:01,746221,746524,2020-04-21 09:39:01.091
2020-04-21 09:39:02,745845,746221,2020-04-21 09:39:02.685
2020-04-21 09:39:03,746716,747098,2020-04-21 09:39:03.723
2020-04-21 09:39:04,746755,747030,2020-04-21 09:39:04.751
2020-04-21 09:39:05,747245,747299,2020-04-21 09:39:05.759
2020-04-21 09:39:09,746826,747295,2020-04-21 09:39:09.028
2020-04-21 09:39:10,746835,747289,2020-04-21 09:39:10.051
2020-04-21 09:39:11,746839,747288,2020-04-21 09:39:11.746
2020-04-21 09:39:12,746927,747299,2020-04-21 09:39:12.839
2020-04-21 09:39:13,747009,747299,2020-04-21 09:39:13.851
2020-04-21 09:39:14,747009,747277,2020-04-21 09:39:14.895
2020-04-21 09:39:15,747009,747271,2020-04-21 09:39:15.908
2020-04-21 09:39:16,747010,747299,2020-04-21 09:39:16.916
2020-04-21 09:39:17,747276,747299,2020-04-21 09:39:17.945
2020-04-21 09:39:18,747281,747298,2020-04-21 09:39:18.972
2020-04-21 09:39:19,747227,747299,2020-04-21 09:39:19.995
2020-04-21 09:39:21,747232,747832,2020-04-21 09:39:21.169
2020-04-21 09:39:22,747729,748212,2020-04-21 09:39:22.218
2020-04-21 09:39:23,747584,748102,2020-04-21 09:39:23.935
2020-04-21 09:39:24,747535,747787,2020-04-21 09:39:24.953
2020-04-21 09:39:25,747332,747761,2020-04-21 09:39:25.979
2020-04-21 09:39:27,747332,747755,2020-04-21 09:39:27.025
2020-04-21 09:39:28,747119,747749,2020-04-21 09:39:28.075
2020-04-21 09:39:29,747051,747748,2020-04-21 09:39:29.472
2020-04-21 09:39:30,747063,747616,2020-04-21 09:39:30.813
2020-04-21 09:39:31,747075,747609,2020-04-21 09:39:31.859
2020-04-21 09:39:32,747161,747605,2020-04-21 09:39:32.961
2020-04-21 09:39:34,746955,747581,2020-04-21 09:39:34.070
2020-04-21 09:39:35,746874,747574,2020-04-21 09:39:35.080
2020-04-21 09:39:36,746249,746874,2020-04-21 09:39:36.121
2020-04-21 09:39:37,746649,747384,2020-04-21 09:39:37.314
2020-04-21 09:39:38,746650,747355,2020-04-21 09:39:38.462
2020-04-21 09:39:39,746651,747350,2020-04-21 09:39:39.482
2020-04-21 09:39:40,746871,747350,2020-04-21 09:39:40.544
2020-04-21 09:39:41,746631,747338,2020-04-21 09:39:41.570
2020-04-21 09:39:42,746637,747315,2020-04-21 09:39:42.862
2020-04-21 09:39:43,746669,747249,2020-04-21 09:39:43.893
2020-04-21 09:39:44,746675,747244,2020-04-21 09:39:44.909
2020-04-21 09:39:45,746721,747242,2020-04-21 09:39:45.940
2020-04-21 09:39:47,746722,747240,2020-04-21 09:39:47.004
2020-04-21 09:39:48,746733,747233,2020-04-21 09:39:48.094
2020-04-21 09:39:49,746739,747225,2020-04-21 09:39:49.116
2020-04-21 09:39:50,746749,747219,2020-04-21 09:39:50.129
2020-04-21 09:39:51,746755,747218,2020-04-21 09:39:51.451
2020-04-21 09:39:52,746761,747208,2020-04-21 09:39:52.482
2020-04-21 09:39:53,746762,747203,2020-04-21 09:39:53.520
2020-04-21 09:39:54,746756,747194,2020-04-21 09:39:54.539
2020-04-21 09:39:55,746762,747193,2020-04-21 09:39:55.615
2020-04-21 09:39:56,746762,747189,2020-04-21 09:39:56.642
2020-04-21 09:39:57,746764,747180,2020-04-21 09:39:57.688
2020-04-21 09:39:58,746767,747178,2020-04-21 09:39:58.700
2020-04-21 09:39:59,746693,747176,2020-04-21 09:39:59.724
2020-04-21 09:40:00,746719,747171,2020-04-21 09:40:00.791
2020-04-21 09:40:01,746725,747169,2020-04-21 09:40:01.851
2020-04-21 09:40:02,746734,747163,2020-04-21 09:40:02.884
2020-04-21 09:40:04,746740,747164,2020-04-21 09:40:04.052
2020-04-21 09:40:05,746822,747192,2020-04-21 09:40:05.084
2020-04-21 09:40:06,747241,747311,2020-04-21 09:40:06.243
2020-04-21 09:40:07,747131,747427,2020-04-21 09:40:07.306
2020-04-21 09:40:08,747357,747541,2020-04-21 09:40:08.320
2020-04-21 09:40:09,747152,747569,2020-04-21 09:40:09.419
2020-04-21 09:40:10,747157,747568,2020-04-21 09:40:10.606
2020-04-21 09:40:11,747166,747567,2020-04-21 09:40:11.629
2020-04-21 09:40:12,747172,747567,2020-04-21 09:40:12.653
2020-04-21 09:40:13,747176,747566,2020-04-21 09:40:13.669
2020-04-21 09:40:14,747176,747766,2020-04-21 09:40:14.691
2020-04-21 09:40:15,747189,747744,2020-04-21 09:40:15.765
2020-04-21 09:40:17,747189,747743,2020-04-21 09:40:17.016
2020-04-21 09:40:18,747114,747733,2020-04-21 09:40:18.033
2020-04-21 09:40:19,747006,747734,2020-04-21 09:40:19.232
2020-04-21 09:40:20,747011,747487,2020-04-21 09:40:20.253
2020-04-21 09:40:21,747011,747487,2020-04-21 09:40:21.262
2020-04-21 09:40:22,747011,747487,2020-04-21 09:40:22.399
2020-04-21 09:40:23,747011,747487,2020-04-21 09:40:23.839
2020-04-21 09:40:24,747011,747487,2020-04-21 09:40:24.877
2020-04-21 09:40:25,747011,747487,2020-04-21 09:40:25.968
2020-04-21 09:40:26,747011,747487,2020-04-21 09:40:26.996
2020-04-21 09:40:28,747011,747487,2020-04-21 09:40:28.154
2020-04-21 09:40:29,747220,747479,2020-04-21 09:40:29.216
2020-04-21 09:40:30,747220,747479,2020-04-21 09:40:30.322
2020-04-21 09:40:31,747255,747567,2020-04-21 09:40:31.340
2020-04-21 09:40:32,747251,747537,2020-04-21 09:40:32.445
2020-04-21 09:40:33,747036,747531,2020-04-21 09:40:33.485
2020-04-21 09:40:34,747036,747523,2020-04-21 09:40:34.498
2020-04-21 09:40:35,747068,747518,2020-04-21 09:40:35.646
2020-04-21 09:40:36,747073,747513,2020-04-21 09:40:36.671
2020-04-21 09:40:37,747069,747483,2020-04-21 09:40:37.767
2020-04-21 09:40:38,747074,747414,2020-04-21 09:40:38.959
2020-04-21 09:40:39,747074,747400,2020-04-21 09:40:39.984
2020-04-21 09:40:41,747006,747393,2020-04-21 09:40:41.044
2020-04-21 09:40:42,747031,747393,2020-04-21 09:40:42.173
2020-04-21 09:40:43,747043,747385,2020-04-21 09:40:43.245
2020-04-21 09:40:44,747127,747385,2020-04-21 09:40:44.257
2020-04-21 09:40:45,747006,747414,2020-04-21 09:40:45.318
2020-04-21 09:40:46,747006,747411,2020-04-21 09:40:46.485
2020-04-21 09:40:47,747002,747402,2020-04-21 09:40:47.658
2020-04-21 09:40:48,747098,747394,2020-04-21 09:40:48.689
2020-04-21 09:40:49,747098,747394,2020-04-21 09:40:49.777
2020-04-21 09:40:50,747006,747397,2020-04-21 09:40:50.811
2020-04-21 09:40:51,747027,747397,2020-04-21 09:40:51.838
2020-04-21 09:40:52,747250,747484,2020-04-21 09:40:52.902
2020-04-21 09:40:54,747250,747476,2020-04-21 09:40:54.565
2020-04-21 09:40:55,747250,747476,2020-04-21 09:40:55.661
2020-04-21 09:40:56,747250,747468,2020-04-21 09:40:56.689
2020-04-21 09:40:57,747001,747006,2020-04-21 09:40:57.698
2020-04-21 09:40:58,747011,747398,2020-04-21 09:40:58.705
2020-04-21 09:40:59,747032,747390,2020-04-21 09:40:59.731
2020-04-21 09:41:01,746637,747352,2020-04-21 09:41:01.050
2020-04-21 09:41:02,746734,746897,2020-04-21 09:41:02.081
2020-04-21 09:41:03,746640,746892,2020-04-21 09:41:03.112
2020-04-21 09:41:04,746643,746892,2020-04-21 09:41:04.240
2020-04-21 09:41:05,746637,746732,2020-04-21 09:41:05.278
2020-04-21 09:41:06,746640,746731,2020-04-21 09:41:06.419
2020-04-21 09:41:07,746637,746736,2020-04-21 09:41:07.501
2020-04-21 09:41:08,746643,746731,2020-04-21 09:41:08.615
2020-04-21 09:41:09,746716,746731,2020-04-21 09:41:09.744
2020-04-21 09:41:10,746716,746763,2020-04-21 09:41:10.787
2020-04-21 09:41:12,746717,746768,2020-04-21 09:41:12.375
2020-04-21 09:41:13,746703,746768,2020-04-21 09:41:13.388
2020-04-21 09:41:14,746637,746768,2020-04-21 09:41:14.451
2020-04-21 09:41:15,746637,746734,2020-04-21 09:41:15.492
2020-04-21 09:41:16,746637,746728,2020-04-21 09:41:16.519
2020-04-21 09:41:17,746637,746728,2020-04-21 09:41:17.599
2020-04-21 09:41:18,746637,746728,2020-04-21 09:41:18.719
2020-04-21 09:41:19,746637,746729,2020-04-21 09:41:19.729
2020-04-21 09:41:20,746594,746598,2020-04-21 09:41:20.856
2020-04-21 09:41:22,746500,746592,2020-04-21 09:41:22.024
2020-04-21 09:41:23,746228,746423,2020-04-21 09:41:23.036
2020-04-21 09:41:24,746135,746583,2020-04-21 09:41:24.094
2020-04-21 09:41:25,746135,746587,2020-04-21 09:41:25.350
2020-04-21 09:41:26,746463,746596,2020-04-21 09:41:26.401
2020-04-21 09:41:27,746060,746576,2020-04-21 09:41:27.737
2020-04-21 09:41:28,746571,746772,2020-04-21 09:41:28.884
2020-04-21 09:41:29,746609,746773,2020-04-21 09:41:29.926
2020-04-21 09:41:30,746529,746773,2020-04-21 09:41:30.942
2020-04-21 09:41:32,746549,746994,2020-04-21 09:41:32.313
2020-04-21 09:41:33,746556,746972,2020-04-21 09:41:33.316
2020-04-21 09:41:34,746557,746971,2020-04-21 09:41:34.392
2020-04-21 09:41:35,746561,746964,2020-04-21 09:41:35.479
2020-04-21 09:41:36,746585,746956,2020-04-21 09:41:36.505
2020-04-21 09:41:37,746608,746956,2020-04-21 09:41:37.585
2020-04-21 09:41:38,746609,746956,2020-04-21 09:41:38.658
2020-04-21 09:41:39,746678,746956,2020-04-21 09:41:39.836
2020-04-21 09:41:40,746678,746955,2020-04-21 09:41:40.935
2020-04-21 09:41:41,746474,746956,2020-04-21 09:41:41.976
2020-04-21 09:41:43,746475,746950,2020-04-21 09:41:43.071
2020-04-21 09:41:44,746482,746942,2020-04-21 09:41:44.085
2020-04-21 09:41:45,746504,746936,2020-04-21 09:41:45.124
2020-04-21 09:41:46,746506,746936,2020-04-21 09:41:46.387
2020-04-21 09:41:47,746511,746933,2020-04-21 09:41:47.485
2020-04-21 09:41:48,746512,746956,2020-04-21 09:41:48.691
2020-04-21 09:41:49,746511,746956,2020-04-21 09:41:49.769
2020-04-21 09:41:50,746542,746956,2020-04-21 09:41:50.786
2020-04-21 09:41:51,746545,746955,2020-04-21 09:41:51.889
2020-04-21 09:41:52,746546,746945,2020-04-21 09:41:52.922
2020-04-21 09:41:53,746536,746936,2020-04-21 09:41:53.971
2020-04-21 09:41:55,746536,746924,2020-04-21 09:41:55.005
2020-04-21 09:41:56,746518,746919,2020-04-21 09:41:56.025
2020-04-21 09:41:57,746518,746915,2020-04-21 09:41:57.047
2020-04-21 09:41:58,746539,746905,2020-04-21 09:41:58.063
2020-04-21 09:41:59,746539,746899,2020-04-21 09:41:59.135
2020-04-21 09:42:00,746539,746899,2020-04-21 09:42:00.286
2020-04-21 09:42:01,746520,746897,2020-04-21 09:42:01.322
2020-04-21 09:42:02,746520,746899,2020-04-21 09:42:02.335
2020-04-21 09:42:03,746520,746918,2020-04-21 09:42:03.423
2020-04-21 09:42:04,746514,746891,2020-04-21 09:42:04.440
2020-04-21 09:42:05,746514,746884,2020-04-21 09:42:05.464
2020-04-21 09:42:06,746484,746872,2020-04-21 09:42:06.503
2020-04-21 09:42:07,746484,746871,2020-04-21 09:42:07.835
2020-04-21 09:42:09,746484,746836,2020-04-21 09:42:09.372
2020-04-21 09:42:10,746484,746828,2020-04-21 09:42:10.387
2020-04-21 09:42:11,746484,746826,2020-04-21 09:42:11.487
2020-04-21 09:42:12,746484,746792,2020-04-21 09:42:12.511
2020-04-21 09:42:13,746484,746784,2020-04-21 09:42:13.619
2020-04-21 09:42:14,746484,746771,2020-04-21 09:42:14.634
2020-04-21 09:42:15,746484,746746,2020-04-21 09:42:15.657
2020-04-21 09:42:16,746484,746740,2020-04-21 09:42:16.725
2020-04-21 09:42:17,746415,746728,2020-04-21 09:42:17.822
2020-04-21 09:42:18,746222,746719,2020-04-21 09:42:18.881
2020-04-21 09:42:19,746223,746698,2020-04-21 09:42:19.917
2020-04-21 09:42:21,746223,746691,2020-04-21 09:42:21.844
2020-04-21 09:42:22,746230,746680,2020-04-21 09:42:22.886
2020-04-21 09:42:24,746235,746672,2020-04-21 09:42:24.111
2020-04-21 09:42:25,746256,746666,2020-04-21 09:42:25.122
2020-04-21 09:42:26,746261,746658,2020-04-21 09:42:26.186
2020-04-21 09:42:27,746653,746760,2020-04-21 09:42:27.204
2020-04-21 09:42:28,746653,746840,2020-04-21 09:42:28.232
2020-04-21 09:42:29,746367,746942,2020-04-21 09:42:29.242
2020-04-21 09:42:30,746453,746940,2020-04-21 09:42:30.377
2020-04-21 09:42:31,746305,746789,2020-04-21 09:42:31.404
2020-04-21 09:42:32,746311,746786,2020-04-21 09:42:32.476
2020-04-21 09:42:33,746315,746783,2020-04-21 09:42:33.558
2020-04-21 09:42:34,746320,746754,2020-04-21 09:42:34.900
2020-04-21 09:42:35,746320,746750,2020-04-21 09:42:35.926
2020-04-21 09:42:36,746320,746748,2020-04-21 09:42:36.935
2020-04-21 09:42:37,746239,746739,2020-04-21 09:42:37.988
2020-04-21 09:42:39,746241,746736,2020-04-21 09:42:39.016
2020-04-21 09:42:40,746249,746729,2020-04-21 09:42:40.032
2020-04-21 09:42:41,746252,746726,2020-04-21 09:42:41.047
2020-04-21 09:42:42,746259,746724,2020-04-21 09:42:42.065
2020-04-21 09:42:43,746263,746715,2020-04-21 09:42:43.084
2020-04-21 09:42:44,746267,746712,2020-04-21 09:42:44.178
2020-04-21 09:42:45,746273,746637,2020-04-21 09:42:45.212
2020-04-21 09:42:46,746269,746636,2020-04-21 09:42:46.469
2020-04-21 09:42:47,746153,746634,2020-04-21 09:42:47.519
2020-04-21 09:42:48,746154,746627,2020-04-21 09:42:48.583
2020-04-21 09:42:49,746159,746626,2020-04-21 09:42:49.658
2020-04-21 09:42:50,746168,746616,2020-04-21 09:42:50.697
2020-04-21 09:42:51,746168,746614,2020-04-21 09:42:51.725
2020-04-21 09:42:52,746172,746613,2020-04-21 09:42:52.845
2020-04-21 09:42:53,746048,746604,2020-04-21 09:42:53.879
2020-04-21 09:42:54,746054,746173,2020-04-21 09:42:54.929
2020-04-21 09:42:55,746048,746173,2020-04-21 09:42:55.977
2020-04-21 09:42:57,746048,746325,2020-04-21 09:42:57.010
2020-04-21 09:42:58,746048,746283,2020-04-21 09:42:58.037
2020-04-21 09:42:59,746048,746275,2020-04-21 09:42:59.061
2020-04-21 09:43:00,746048,746275,2020-04-21 09:43:00.084
2020-04-21 09:43:01,746048,746270,2020-04-21 09:43:01.490
2020-04-21 09:43:02,746048,746256,2020-04-21 09:43:02.509
2020-04-21 09:43:03,746048,746256,2020-04-21 09:43:03.643
2020-04-21 09:43:04,746048,746244,2020-04-21 09:43:04.660
2020-04-21 09:43:05,746048,746238,2020-04-21 09:43:05.686
2020-04-21 09:43:06,746048,746236,2020-04-21 09:43:06.787
2020-04-21 09:43:07,746048,746227,2020-04-21 09:43:07.863
2020-04-21 09:43:08,745681,746194,2020-04-21 09:43:08.894
2020-04-21 09:43:09,745681,746186,2020-04-21 09:43:09.988
2020-04-21 09:43:11,745695,746172,2020-04-21 09:43:11.058
2020-04-21 09:43:12,745702,746171,2020-04-21 09:43:12.072
2020-04-21 09:43:13,745708,746164,2020-04-21 09:43:13.151
2020-04-21 09:43:14,745734,746163,2020-04-21 09:43:14.172
2020-04-21 09:43:15,745743,746150,2020-04-21 09:43:15.221
2020-04-21 09:43:16,745746,746145,2020-04-21 09:43:16.265
2020-04-21 09:43:17,745749,746193,2020-04-21 09:43:17.452
2020-04-21 09:43:18,746191,746315,2020-04-21 09:43:18.515
2020-04-21 09:43:19,746198,746315,2020-04-21 09:43:19.542
2020-04-21 09:43:20,746030,746390,2020-04-21 09:43:20.626
2020-04-21 09:43:21,746026,746385,2020-04-21 09:43:21.645
2020-04-21 09:43:22,746013,746384,2020-04-21 09:43:22.732
2020-04-21 09:43:23,745870,746030,2020-04-21 09:43:23.761
2020-04-21 09:43:24,745899,746030,2020-04-21 09:43:24.833
2020-04-21 09:43:25,745905,746030,2020-04-21 09:43:25.838
2020-04-21 09:43:26,745904,746317,2020-04-21 09:43:26.863
2020-04-21 09:43:27,745910,746361,2020-04-21 09:43:27.964
2020-04-21 09:43:29,745934,746361,2020-04-21 09:43:28.991
2020-04-21 09:43:30,745934,746356,2020-04-21 09:43:30.019
2020-04-21 09:43:31,745904,746356,2020-04-21 09:43:31.084
2020-04-21 09:43:32,745896,746345,2020-04-21 09:43:32.163
2020-04-21 09:43:33,745896,746322,2020-04-21 09:43:33.219
2020-04-21 09:43:34,745863,746320,2020-04-21 09:43:34.406
2020-04-21 09:43:35,745863,746312,2020-04-21 09:43:35.595
2020-04-21 09:43:36,745863,746306,2020-04-21 09:43:36.665
2020-04-21 09:43:37,745863,746297,2020-04-21 09:43:37.693
2020-04-21 09:43:39,745863,746292,2020-04-21 09:43:38.789
2020-04-21 09:43:40,745863,746291,2020-04-21 09:43:40.154
2020-04-21 09:43:41,745863,746279,2020-04-21 09:43:41.565
2020-04-21 09:43:42,745863,746279,2020-04-21 09:43:42.805
2020-04-21 09:43:43,745863,746271,2020-04-21 09:43:43.836
2020-04-21 09:43:44,745864,746266,2020-04-21 09:43:44.860
2020-04-21 09:43:45,745870,746258,2020-04-21 09:43:45.917
2020-04-21 09:43:46,745869,746253,2020-04-21 09:43:46.938
2020-04-21 09:43:47,745870,746253,2020-04-21 09:43:47.973
2020-04-21 09:43:48,745878,746248,2020-04-21 09:43:48.977
2020-04-21 09:43:50,745882,746248,2020-04-21 09:43:50.040
2020-04-21 09:43:51,745893,746253,2020-04-21 09:43:51.049
2020-04-21 09:43:52,746253,746457,2020-04-21 09:43:52.106
2020-04-21 09:43:53,746258,746550,2020-04-21 09:43:53.119
2020-04-21 09:43:54,746275,746550,2020-04-21 09:43:54.136
2020-04-21 09:43:55,746277,746550,2020-04-21 09:43:55.179
2020-04-21 09:43:56,746289,746575,2020-04-21 09:43:56.188
2020-04-21 09:43:57,746294,746575,2020-04-21 09:43:57.192
2020-04-21 09:43:58,746299,746554,2020-04-21 09:43:58.229
2020-04-21 09:43:59,746299,746575,2020-04-21 09:43:59.356
2020-04-21 09:44:00,746299,746575,2020-04-21 09:44:00.587
2020-04-21 09:44:01,745937,746687,2020-04-21 09:44:01.626
2020-04-21 09:44:02,745925,746681,2020-04-21 09:44:02.664
2020-04-21 09:44:03,745925,746267,2020-04-21 09:44:03.805
2020-04-21 09:44:04,745925,746235,2020-04-21 09:44:04.841
2020-04-21 09:44:05,745925,746207,2020-04-21 09:44:05.894
2020-04-21 09:44:06,745925,746198,2020-04-21 09:44:06.921
2020-04-21 09:44:08,745925,746192,2020-04-21 09:44:08.019
2020-04-21 09:44:09,745925,746190,2020-04-21 09:44:09.041
2020-04-21 09:44:10,745925,746162,2020-04-21 09:44:10.059
2020-04-21 09:44:11,745925,746152,2020-04-21 09:44:11.070
2020-04-21 09:44:12,745668,746144,2020-04-21 09:44:12.156
2020-04-21 09:44:13,745667,746142,2020-04-21 09:44:13.254
2020-04-21 09:44:14,745164,745500,2020-04-21 09:44:14.438
2020-04-21 09:44:15,745036,745495,2020-04-21 09:44:15.449
2020-04-21 09:44:16,745080,745493,2020-04-21 09:44:16.491
2020-04-21 09:44:17,745101,745494,2020-04-21 09:44:17.513
2020-04-21 09:44:18,745101,745490,2020-04-21 09:44:18.584
2020-04-21 09:44:19,745103,745486,2020-04-21 09:44:19.598
2020-04-21 09:44:20,745435,745500,2020-04-21 09:44:20.620
2020-04-21 09:44:21,745436,745500,2020-04-21 09:44:21.648
2020-04-21 09:44:22,745441,745500,2020-04-21 09:44:22.674
2020-04-21 09:44:23,745435,745500,2020-04-21 09:44:23.779
2020-04-21 09:44:25,745430,745500,2020-04-21 09:44:25.221
2020-04-21 09:44:26,745435,745495,2020-04-21 09:44:26.242
2020-04-21 09:44:27,745435,745500,2020-04-21 09:44:27.407
2020-04-21 09:44:28,745435,745500,2020-04-21 09:44:28.474
2020-04-21 09:44:29,745435,745500,2020-04-21 09:44:29.582
2020-04-21 09:44:30,745430,745495,2020-04-21 09:44:30.593
2020-04-21 09:44:31,745430,745495,2020-04-21 09:44:31.604
2020-04-21 09:44:32,745430,745495,2020-04-21 09:44:32.613
2020-04-21 09:44:33,745183,745430,2020-04-21 09:44:33.655
2020-04-21 09:44:34,745005,745009,2020-04-21 09:44:34.681
2020-04-21 09:44:35,745000,745003,2020-04-21 09:44:35.756
2020-04-21 09:44:36,744848,745179,2020-04-21 09:44:36.851
2020-04-21 09:44:37,744848,745150,2020-04-21 09:44:37.852
2020-04-21 09:44:38,745115,745150,2020-04-21 09:44:38.884
2020-04-21 09:44:40,744848,745145,2020-04-21 09:44:40.119
2020-04-21 09:44:41,744848,745163,2020-04-21 09:44:41.129
2020-04-21 09:44:42,744848,745168,2020-04-21 09:44:42.176
2020-04-21 09:44:43,744848,745168,2020-04-21 09:44:43.586
2020-04-21 09:44:44,744848,745236,2020-04-21 09:44:44.600
2020-04-21 09:44:45,744848,745236,2020-04-21 09:44:45.612
2020-04-21 09:44:46,744848,745312,2020-04-21 09:44:46.671
2020-04-21 09:44:47,744762,745309,2020-04-21 09:44:47.690
2020-04-21 09:44:48,744770,745304,2020-04-21 09:44:48.856
2020-04-21 09:44:49,744775,745280,2020-04-21 09:44:49.872
2020-04-21 09:44:50,744775,745286,2020-04-21 09:44:50.892
2020-04-21 09:44:52,745174,745281,2020-04-21 09:44:52.330
2020-04-21 09:44:53,744936,745281,2020-04-21 09:44:53.340
2020-04-21 09:44:54,744941,745281,2020-04-21 09:44:54.380
2020-04-21 09:44:55,744947,745352,2020-04-21 09:44:55.444
2020-04-21 09:44:56,744946,745348,2020-04-21 09:44:56.515
2020-04-21 09:44:57,744957,745321,2020-04-21 09:44:57.518
2020-04-21 09:44:59,744958,745321,2020-04-21 09:44:59.004
2020-04-21 09:45:00,744974,745361,2020-04-21 09:45:00.035
2020-04-21 09:45:01,744984,745356,2020-04-21 09:45:01.076
2020-04-21 09:45:02,744992,745351,2020-04-21 09:45:02.185
2020-04-21 09:45:03,744993,745351,2020-04-21 09:45:03.282
2020-04-21 09:45:04,744999,745351,2020-04-21 09:45:04.403
2020-04-21 09:45:05,745036,745346,2020-04-21 09:45:05.415
2020-04-21 09:45:06,745041,745346,2020-04-21 09:45:06.418
2020-04-21 09:45:07,745050,745351,2020-04-21 09:45:07.439
2020-04-21 09:45:08,745051,745351,2020-04-21 09:45:08.452
2020-04-21 09:45:09,745062,745354,2020-04-21 09:45:09.545
2020-04-21 09:45:10,745083,745578,2020-04-21 09:45:10.608
2020-04-21 09:45:11,745097,745577,2020-04-21 09:45:11.639
2020-04-21 09:45:12,745098,745577,2020-04-21 09:45:12.838
2020-04-21 09:45:13,745130,745569,2020-04-21 09:45:13.845
2020-04-21 09:45:14,745132,745569,2020-04-21 09:45:14.866
2020-04-21 09:45:15,745140,745709,2020-04-21 09:45:15.880
2020-04-21 09:45:16,745146,745684,2020-04-21 09:45:16.915
2020-04-21 09:45:17,745144,745662,2020-04-21 09:45:17.939
2020-04-21 09:45:18,745159,745657,2020-04-21 09:45:18.969
2020-04-21 09:45:20,745159,745652,2020-04-21 09:45:20.044
2020-04-21 09:45:21,745159,745651,2020-04-21 09:45:21.202
2020-04-21 09:45:22,745172,745643,2020-04-21 09:45:22.217
2020-04-21 09:45:23,745173,745637,2020-04-21 09:45:23.241
2020-04-21 09:45:24,745181,745629,2020-04-21 09:45:24.523
2020-04-21 09:45:25,745191,745624,2020-04-21 09:45:25.795
2020-04-21 09:45:27,745199,745618,2020-04-21 09:45:27.385
2020-04-21 09:45:28,745209,745608,2020-04-21 09:45:28.645
2020-04-21 09:45:29,745217,745608,2020-04-21 09:45:29.784
2020-04-21 09:45:30,745222,745711,2020-04-21 09:45:30.793
2020-04-21 09:45:31,745222,745705,2020-04-21 09:45:31.806
2020-04-21 09:45:32,745230,745702,2020-04-21 09:45:32.828
2020-04-21 09:45:33,745235,745697,2020-04-21 09:45:33.849
2020-04-21 09:45:34,745243,745697,2020-04-21 09:45:34.869
2020-04-21 09:45:35,745248,745712,2020-04-21 09:45:35.901
2020-04-21 09:45:36,745248,745709,2020-04-21 09:45:36.968
2020-04-21 09:45:38,745500,745674,2020-04-21 09:45:38.071
2020-04-21 09:45:39,745505,745668,2020-04-21 09:45:39.122
2020-04-21 09:45:40,745500,745664,2020-04-21 09:45:40.194
2020-04-21 09:45:41,745508,745653,2020-04-21 09:45:41.207
2020-04-21 09:45:42,745500,745652,2020-04-21 09:45:42.220
2020-04-21 09:45:43,745500,745642,2020-04-21 09:45:43.238
2020-04-21 09:45:44,745500,745637,2020-04-21 09:45:44.277
2020-04-21 09:45:45,745500,745630,2020-04-21 09:45:45.322
2020-04-21 09:45:46,745500,745623,2020-04-21 09:45:46.357
2020-04-21 09:45:47,745500,745620,2020-04-21 09:45:47.564
2020-04-21 09:45:48,745500,745616,2020-04-21 09:45:48.585
2020-04-21 09:45:49,745500,745618,2020-04-21 09:45:49.668
2020-04-21 09:45:50,745151,745499,2020-04-21 09:45:50.677
2020-04-21 09:45:51,745160,745499,2020-04-21 09:45:51.721
2020-04-21 09:45:52,745166,745500,2020-04-21 09:45:52.787
2020-04-21 09:45:54,745172,745500,2020-04-21 09:45:54.035
2020-04-21 09:45:55,745198,745500,2020-04-21 09:45:55.046
2020-04-21 09:45:56,745207,745655,2020-04-21 09:45:56.068
2020-04-21 09:45:57,745208,745653,2020-04-21 09:45:57.114
2020-04-21 09:45:58,745236,745666,2020-04-21 09:45:58.155
2020-04-21 09:45:59,745243,745669,2020-04-21 09:45:59.191
2020-04-21 09:46:00,745251,745669,2020-04-21 09:46:00.467
2020-04-21 09:46:01,745264,745791,2020-04-21 09:46:01.641
2020-04-21 09:46:02,745286,745793,2020-04-21 09:46:02.740
2020-04-21 09:46:03,745299,745808,2020-04-21 09:46:03.872
2020-04-21 09:46:04,745305,745806,2020-04-21 09:46:04.920
2020-04-21 09:46:05,745328,745800,2020-04-21 09:46:05.990
2020-04-21 09:46:07,745335,745799,2020-04-21 09:46:07.006
2020-04-21 09:46:08,745343,745799,2020-04-21 09:46:08.280
2020-04-21 09:46:09,745356,745790,2020-04-21 09:46:09.305
2020-04-21 09:46:10,745378,745794,2020-04-21 09:46:10.439
2020-04-21 09:46:11,745794,745862,2020-04-21 09:46:11.479
2020-04-21 09:46:12,745391,745862,2020-04-21 09:46:12.505
2020-04-21 09:46:13,745507,745862,2020-04-21 09:46:13.571
2020-04-21 09:46:15,745515,746061,2020-04-21 09:46:15.047
2020-04-21 09:46:16,745523,745994,2020-04-21 09:46:16.081
2020-04-21 09:46:17,745530,745994,2020-04-21 09:46:17.127
2020-04-21 09:46:18,745537,746131,2020-04-21 09:46:18.196
2020-04-21 09:46:19,745545,746062,2020-04-21 09:46:19.238
2020-04-21 09:46:20,745558,746057,2020-04-21 09:46:20.493
2020-04-21 09:46:21,745565,746053,2020-04-21 09:46:21.709
2020-04-21 09:46:22,745579,746048,2020-04-21 09:46:22.734
2020-04-21 09:46:23,745585,746046,2020-04-21 09:46:23.786
2020-04-21 09:46:24,745593,746046,2020-04-21 09:46:24.852
2020-04-21 09:46:25,745603,746065,2020-04-21 09:46:25.903
2020-04-21 09:46:26,745612,746065,2020-04-21 09:46:26.912
2020-04-21 09:46:27,745621,746105,2020-04-21 09:46:27.960
2020-04-21 09:46:29,745627,746083,2020-04-21 09:46:29.043
2020-04-21 09:46:30,745628,746081,2020-04-21 09:46:30.094
2020-04-21 09:46:31,745631,745982,2020-04-21 09:46:31.112
2020-04-21 09:46:32,745631,745960,2020-04-21 09:46:32.145
2020-04-21 09:46:33,745495,745938,2020-04-21 09:46:33.186
2020-04-21 09:46:34,745500,745938,2020-04-21 09:46:34.404
2020-04-21 09:46:35,745508,745938,2020-04-21 09:46:35.489
2020-04-21 09:46:36,745515,745932,2020-04-21 09:46:36.496
2020-04-21 09:46:37,745521,745933,2020-04-21 09:46:37.524
2020-04-21 09:46:38,745527,745933,2020-04-21 09:46:38.534
2020-04-21 09:46:39,745537,745996,2020-04-21 09:46:39.554
2020-04-21 09:46:40,745538,745996,2020-04-21 09:46:40.639
2020-04-21 09:46:41,745554,745997,2020-04-21 09:46:41.662
2020-04-21 09:46:42,745560,746003,2020-04-21 09:46:42.674
2020-04-21 09:46:43,745566,746003,2020-04-21 09:46:43.687
2020-04-21 09:46:44,745576,746137,2020-04-21 09:46:44.711
2020-04-21 09:46:45,745580,745996,2020-04-21 09:46:45.750
2020-04-21 09:46:46,745586,745996,2020-04-21 09:46:46.777
2020-04-21 09:46:47,745597,745986,2020-04-21 09:46:47.824
2020-04-21 09:46:48,745599,745986,2020-04-21 09:46:48.931
2020-04-21 09:46:50,745605,746046,2020-04-21 09:46:50.079
2020-04-21 09:46:51,745614,746126,2020-04-21 09:46:51.096
2020-04-21 09:46:52,745620,746080,2020-04-21 09:46:52.114
2020-04-21 09:46:53,745625,746125,2020-04-21 09:46:53.144
2020-04-21 09:46:54,746150,746220,2020-04-21 09:46:54.157
2020-04-21 09:46:55,745776,746217,2020-04-21 09:46:55.473
2020-04-21 09:46:56,745798,746345,2020-04-21 09:46:56.490
2020-04-21 09:46:57,745800,746345,2020-04-21 09:46:57.508
2020-04-21 09:46:58,745812,746499,2020-04-21 09:46:58.584
2020-04-21 09:46:59,745819,746345,2020-04-21 09:46:59.757
2020-04-21 09:47:00,745829,746259,2020-04-21 09:47:00.773
2020-04-21 09:47:01,745745,746253,2020-04-21 09:47:01.809
2020-04-21 09:47:02,745747,746159,2020-04-21 09:47:02.828
2020-04-21 09:47:03,745745,746154,2020-04-21 09:47:03.839
2020-04-21 09:47:04,745695,746149,2020-04-21 09:47:04.890
2020-04-21 09:47:06,745704,746142,2020-04-21 09:47:06.033
2020-04-21 09:47:07,745710,746132,2020-04-21 09:47:07.075
2020-04-21 09:47:08,745712,746123,2020-04-21 09:47:08.129
2020-04-21 09:47:09,745710,746117,2020-04-21 09:47:09.148
2020-04-21 09:47:10,745710,746108,2020-04-21 09:47:10.239
2020-04-21 09:47:11,745711,746106,2020-04-21 09:47:11.389
2020-04-21 09:47:12,745721,746099,2020-04-21 09:47:12.407
2020-04-21 09:47:13,745721,746094,2020-04-21 09:47:13.429
2020-04-21 09:47:14,745721,746092,2020-04-21 09:47:14.458
2020-04-21 09:47:15,745729,746088,2020-04-21 09:47:15.720
2020-04-21 09:47:16,745421,746058,2020-04-21 09:47:16.732
2020-04-21 09:47:17,745423,745945,2020-04-21 09:47:17.750
2020-04-21 09:47:19,745436,745939,2020-04-21 09:47:19.380
2020-04-21 09:47:20,745441,745929,2020-04-21 09:47:20.412
2020-04-21 09:47:21,745446,745924,2020-04-21 09:47:21.481
2020-04-21 09:47:22,745475,745910,2020-04-21 09:47:22.626
2020-04-21 09:47:23,745487,745905,2020-04-21 09:47:23.841
2020-04-21 09:47:24,745490,745902,2020-04-21 09:47:24.853
2020-04-21 09:47:25,745512,745910,2020-04-21 09:47:25.870
2020-04-21 09:47:26,745517,745910,2020-04-21 09:47:26.911
2020-04-21 09:47:27,745523,745910,2020-04-21 09:47:27.952
2020-04-21 09:47:28,745527,745905,2020-04-21 09:47:28.988
2020-04-21 09:47:30,745553,745905,2020-04-21 09:47:30.010
2020-04-21 09:47:31,745559,745911,2020-04-21 09:47:31.130
2020-04-21 09:47:32,745560,745911,2020-04-21 09:47:32.713
2020-04-21 09:47:33,745594,745916,2020-04-21 09:47:33.747
2020-04-21 09:47:34,745594,745916,2020-04-21 09:47:34.765
2020-04-21 09:47:35,745603,745916,2020-04-21 09:47:35.778
2020-04-21 09:47:36,745609,745916,2020-04-21 09:47:36.787
2020-04-21 09:47:37,745611,745915,2020-04-21 09:47:37.817
2020-04-21 09:47:38,745619,745914,2020-04-21 09:47:38.836
2020-04-21 09:47:39,745626,745914,2020-04-21 09:47:39.861
2020-04-21 09:47:40,745634,745914,2020-04-21 09:47:40.896
2020-04-21 09:47:41,745635,745914,2020-04-21 09:47:41.959
2020-04-21 09:47:43,745644,745989,2020-04-21 09:47:43.021
2020-04-21 09:47:44,745644,745985,2020-04-21 09:47:44.057
2020-04-21 09:47:45,745649,745979,2020-04-21 09:47:45.093
2020-04-21 09:47:46,745657,745970,2020-04-21 09:47:46.116
2020-04-21 09:47:47,745658,745961,2020-04-21 09:47:47.232
2020-04-21 09:47:48,745500,745510,2020-04-21 09:47:48.294
2020-04-21 09:47:49,745412,745885,2020-04-21 09:47:49.317
2020-04-21 09:47:50,745417,745831,2020-04-21 09:47:50.341
2020-04-21 09:47:51,745418,745823,2020-04-21 09:47:51.362
2020-04-21 09:47:52,745424,745817,2020-04-21 09:47:52.417
2020-04-21 09:47:53,745430,745812,2020-04-21 09:47:53.607
2020-04-21 09:47:54,745440,745802,2020-04-21 09:47:54.677
2020-04-21 09:47:55,745450,745791,2020-04-21 09:47:55.704
2020-04-21 09:47:56,745456,745790,2020-04-21 09:47:56.727
2020-04-21 09:47:57,745458,745781,2020-04-21 09:47:57.786
2020-04-21 09:47:58,745458,745775,2020-04-21 09:47:58.819
2020-04-21 09:47:59,745458,745776,2020-04-21 09:47:59.920
2020-04-21 09:48:01,745298,745675,2020-04-21 09:48:01.028
2020-04-21 09:48:02,745300,745670,2020-04-21 09:48:02.146
2020-04-21 09:48:03,745308,745670,2020-04-21 09:48:03.157
2020-04-21 09:48:04,745330,745787,2020-04-21 09:48:04.171
2020-04-21 09:48:05,745335,745786,2020-04-21 09:48:05.180
2020-04-21 09:48:06,745349,745781,2020-04-21 09:48:06.241
2020-04-21 09:48:07,745355,745780,2020-04-21 09:48:07.258
2020-04-21 09:48:08,745382,745772,2020-04-21 09:48:08.459
2020-04-21 09:48:09,745388,745772,2020-04-21 09:48:09.476
2020-04-21 09:48:10,745388,745772,2020-04-21 09:48:10.637
2020-04-21 09:48:11,745388,745772,2020-04-21 09:48:11.680
2020-04-21 09:48:12,745388,745772,2020-04-21 09:48:12.719
2020-04-21 09:48:13,745388,745772,2020-04-21 09:48:13.760
2020-04-21 09:48:14,745405,745795,2020-04-21 09:48:14.778
2020-04-21 09:48:16,745420,745795,2020-04-21 09:48:16.145
2020-04-21 09:48:17,745422,745795,2020-04-21 09:48:17.335
2020-04-21 09:48:18,745427,745784,2020-04-21 09:48:18.348
2020-04-21 09:48:19,745435,745779,2020-04-21 09:48:19.540
2020-04-21 09:48:20,745436,745770,2020-04-21 09:48:20.555
2020-04-21 09:48:21,745818,745900,2020-04-21 09:48:21.644
2020-04-21 09:48:22,745819,745900,2020-04-21 09:48:22.721
2020-04-21 09:48:23,745819,745900,2020-04-21 09:48:23.733
2020-04-21 09:48:24,745820,745899,2020-04-21 09:48:24.790
2020-04-21 09:48:25,745820,745899,2020-04-21 09:48:25.859
2020-04-21 09:48:27,745820,745900,2020-04-21 09:48:27.003
2020-04-21 09:48:28,745821,745899,2020-04-21 09:48:28.025
2020-04-21 09:48:29,745827,745899,2020-04-21 09:48:29.045
2020-04-21 09:48:30,745827,745900,2020-04-21 09:48:30.118
2020-04-21 09:48:31,745827,745900,2020-04-21 09:48:31.132
2020-04-21 09:48:32,745717,745900,2020-04-21 09:48:32.161
2020-04-21 09:48:33,745725,745900,2020-04-21 09:48:33.378
2020-04-21 09:48:34,745731,745900,2020-04-21 09:48:34.477
2020-04-21 09:48:35,745739,745900,2020-04-21 09:48:35.739
2020-04-21 09:48:37,745739,745900,2020-04-21 09:48:37.302
2020-04-21 09:48:38,745588,745899,2020-04-21 09:48:38.326
2020-04-21 09:48:39,745588,745899,2020-04-21 09:48:39.508
2020-04-21 09:48:40,745594,745891,2020-04-21 09:48:40.622
2020-04-21 09:48:41,745594,745891,2020-04-21 09:48:41.824
2020-04-21 09:48:42,745448,745888,2020-04-21 09:48:42.864
2020-04-21 09:48:44,745447,745880,2020-04-21 09:48:44.041
2020-04-21 09:48:45,745447,745828,2020-04-21 09:48:45.059
2020-04-21 09:48:46,745339,745826,2020-04-21 09:48:46.155
2020-04-21 09:48:47,745345,745817,2020-04-21 09:48:47.223
2020-04-21 09:48:48,745344,745345,2020-04-21 09:48:48.318
2020-04-21 09:48:49,745213,745598,2020-04-21 09:48:49.374
2020-04-21 09:48:50,745212,745592,2020-04-21 09:48:50.380
2020-04-21 09:48:51,745114,745586,2020-04-21 09:48:51.412
2020-04-21 09:48:52,745143,745577,2020-04-21 09:48:52.464
2020-04-21 09:48:53,745144,745571,2020-04-21 09:48:53.713
2020-04-21 09:48:54,745149,745565,2020-04-21 09:48:54.771
2020-04-21 09:48:55,745150,745552,2020-04-21 09:48:55.806
2020-04-21 09:48:56,745155,745545,2020-04-21 09:48:56.822
2020-04-21 09:48:57,745160,745537,2020-04-21 09:48:57.829
2020-04-21 09:48:58,745155,745531,2020-04-21 09:48:58.844
2020-04-21 09:49:00,745098,745522,2020-04-21 09:49:00.151
2020-04-21 09:49:01,745098,745517,2020-04-21 09:49:01.192
2020-04-21 09:49:02,745098,745511,2020-04-21 09:49:02.204
2020-04-21 09:49:03,745098,745503,2020-04-21 09:49:03.254
2020-04-21 09:49:04,745098,745497,2020-04-21 09:49:04.557
2020-04-21 09:49:05,745098,745490,2020-04-21 09:49:05.578
2020-04-21 09:49:06,745098,745482,2020-04-21 09:49:06.627
2020-04-21 09:49:07,745119,745476,2020-04-21 09:49:07.704
2020-04-21 09:49:09,745125,745469,2020-04-21 09:49:09.002
2020-04-21 09:49:10,745125,745475,2020-04-21 09:49:10.030
2020-04-21 09:49:11,745098,745475,2020-04-21 09:49:11.047
2020-04-21 09:49:12,745098,745466,2020-04-21 09:49:12.059
2020-04-21 09:49:13,745098,745461,2020-04-21 09:49:13.108
2020-04-21 09:49:14,745098,745489,2020-04-21 09:49:14.129
2020-04-21 09:49:15,745098,745479,2020-04-21 09:49:15.189
2020-04-21 09:49:16,745098,745478,2020-04-21 09:49:16.670
2020-04-21 09:49:17,745098,745467,2020-04-21 09:49:17.704
2020-04-21 09:49:18,745098,745466,2020-04-21 09:49:18.854
2020-04-21 09:49:20,745098,745457,2020-04-21 09:49:20.111
2020-04-21 09:49:21,745098,745447,2020-04-21 09:49:21.511
2020-04-21 09:49:22,745098,745445,2020-04-21 09:49:22.847
2020-04-21 09:49:23,745098,745433,2020-04-21 09:49:23.889
2020-04-21 09:49:24,745098,745432,2020-04-21 09:49:24.920
2020-04-21 09:49:25,745065,745521,2020-04-21 09:49:25.947
2020-04-21 09:49:27,745065,745295,2020-04-21 09:49:27.003
2020-04-21 09:49:28,745065,745224,2020-04-21 09:49:28.026
2020-04-21 09:49:29,744765,745157,2020-04-21 09:49:29.051
2020-04-21 09:49:30,744765,745157,2020-04-21 09:49:30.154
2020-04-21 09:49:31,744770,745198,2020-04-21 09:49:31.165
2020-04-21 09:49:32,744757,745192,2020-04-21 09:49:32.254
2020-04-21 09:49:33,744762,745183,2020-04-21 09:49:33.376
2020-04-21 09:49:34,744762,745176,2020-04-21 09:49:34.394
2020-04-21 09:49:35,744762,745057,2020-04-21 09:49:35.499
2020-04-21 09:49:36,744771,745056,2020-04-21 09:49:36.507
2020-04-21 09:49:37,744771,745046,2020-04-21 09:49:37.905
2020-04-21 09:49:39,744773,745041,2020-04-21 09:49:39.154
2020-04-21 09:49:40,744779,745032,2020-04-21 09:49:40.356
2020-04-21 09:49:41,744770,745026,2020-04-21 09:49:41.479
2020-04-21 09:49:42,744770,745017,2020-04-21 09:49:42.643
2020-04-21 09:49:43,744775,745006,2020-04-21 09:49:43.857
2020-04-21 09:49:44,744775,745001,2020-04-21 09:49:44.876
2020-04-21 09:49:46,744770,744998,2020-04-21 09:49:46.340
2020-04-21 09:49:47,744770,744998,2020-04-21 09:49:47.373
2020-04-21 09:49:48,744770,744811,2020-04-21 09:49:48.385
2020-04-21 09:49:49,744770,744822,2020-04-21 09:49:49.446
2020-04-21 09:49:50,744770,744821,2020-04-21 09:49:50.477
2020-04-21 09:49:51,744770,744821,2020-04-21 09:49:51.768
2020-04-21 09:49:52,744770,744811,2020-04-21 09:49:52.775
2020-04-21 09:49:53,744770,744810,2020-04-21 09:49:53.804
2020-04-21 09:49:54,744770,744810,2020-04-21 09:49:54.840
2020-04-21 09:49:55,744770,744802,2020-04-21 09:49:55.857
2020-04-21 09:49:57,744770,744802,2020-04-21 09:49:57.671
2020-04-21 09:49:58,744770,744836,2020-04-21 09:49:58.938
2020-04-21 09:49:59,744770,744836,2020-04-21 09:49:59.944
2020-04-21 09:50:01,744770,744839,2020-04-21 09:50:01.020
2020-04-21 09:50:02,744770,744834,2020-04-21 09:50:02.043
2020-04-21 09:50:03,744770,744829,2020-04-21 09:50:03.059
2020-04-21 09:50:04,744770,744829,2020-04-21 09:50:04.071
2020-04-21 09:50:05,744770,744828,2020-04-21 09:50:05.095
2020-04-21 09:50:06,744770,744827,2020-04-21 09:50:06.099
2020-04-21 09:50:07,744770,744865,2020-04-21 09:50:07.135
2020-04-21 09:50:08,744770,744866,2020-04-21 09:50:08.162
2020-04-21 09:50:09,744770,744864,2020-04-21 09:50:09.209
2020-04-21 09:50:10,744770,744600,2020-04-21 09:50:10.545
2020-04-21 09:50:11,744770,744600,2020-04-21 09:50:11.850
2020-04-21 09:50:12,744180,744594,2020-04-21 09:50:12.867
2020-04-21 09:50:13,744186,744454,2020-04-21 09:50:13.896
2020-04-21 09:50:15,744000,744448,2020-04-21 09:50:15.054
2020-04-21 09:50:16,744000,744119,2020-04-21 09:50:16.067
2020-04-21 09:50:17,744000,744440,2020-04-21 09:50:17.188
2020-04-21 09:50:18,744022,744435,2020-04-21 09:50:18.858
2020-04-21 09:50:19,744027,744434,2020-04-21 09:50:19.878
2020-04-21 09:50:20,744037,744437,2020-04-21 09:50:20.904
2020-04-21 09:50:22,744039,744418,2020-04-21 09:50:22.068
2020-04-21 09:50:23,744069,744413,2020-04-21 09:50:23.104
2020-04-21 09:50:24,744069,744417,2020-04-21 09:50:24.274
2020-04-21 09:50:25,744037,744417,2020-04-21 09:50:25.484
2020-04-21 09:50:27,744037,744349,2020-04-21 09:50:27.031
2020-04-21 09:50:28,744037,744342,2020-04-21 09:50:28.063
2020-04-21 09:50:29,744037,744337,2020-04-21 09:50:29.081
2020-04-21 09:50:30,744399,744416,2020-04-21 09:50:30.108
2020-04-21 09:50:31,744416,744437,2020-04-21 09:50:31.170
2020-04-21 09:50:32,744113,744437,2020-04-21 09:50:32.358
2020-04-21 09:50:33,744135,744437,2020-04-21 09:50:33.371
2020-04-21 09:50:34,744146,744478,2020-04-21 09:50:34.483
2020-04-21 09:50:35,744154,744487,2020-04-21 09:50:35.524
2020-04-21 09:50:36,744156,744487,2020-04-21 09:50:36.538
2020-04-21 09:50:37,744179,744487,2020-04-21 09:50:37.626
2020-04-21 09:50:39,744192,744487,2020-04-21 09:50:39.105
2020-04-21 09:50:40,744200,744487,2020-04-21 09:50:40.257
2020-04-21 09:50:41,744229,744487,2020-04-21 09:50:41.285
2020-04-21 09:50:42,744239,744487,2020-04-21 09:50:42.324
2020-04-21 09:50:43,744245,744487,2020-04-21 09:50:43.342
2020-04-21 09:50:44,744252,744407,2020-04-21 09:50:44.374
2020-04-21 09:50:45,744261,744407,2020-04-21 09:50:45.529
2020-04-21 09:50:46,744270,744407,2020-04-21 09:50:46.862
2020-04-21 09:50:47,744271,744407,2020-04-21 09:50:47.880
2020-04-21 09:50:49,744281,744407,2020-04-21 09:50:49.023
2020-04-21 09:50:50,744282,744407,2020-04-21 09:50:50.233
2020-04-21 09:50:51,744288,744407,2020-04-21 09:50:51.259
2020-04-21 09:50:52,744294,744487,2020-04-21 09:50:52.288
2020-04-21 09:50:53,744300,744487,2020-04-21 09:50:53.345
2020-04-21 09:50:54,744300,744487,2020-04-21 09:50:54.487
2020-04-21 09:50:55,744310,744487,2020-04-21 09:50:55.541
2020-04-21 09:50:56,744313,744487,2020-04-21 09:50:56.557
2020-04-21 09:50:57,744323,744500,2020-04-21 09:50:57.562
2020-04-21 09:50:58,744327,744500,2020-04-21 09:50:58.659
2020-04-21 09:50:59,744333,744500,2020-04-21 09:50:59.698
2020-04-21 09:51:00,744341,744500,2020-04-21 09:51:00.723
2020-04-21 09:51:01,744347,744500,2020-04-21 09:51:01.780
2020-04-21 09:51:02,744353,744500,2020-04-21 09:51:02.791
2020-04-21 09:51:03,744359,744500,2020-04-21 09:51:03.933
2020-04-21 09:51:05,744361,744500,2020-04-21 09:51:05.037
2020-04-21 09:51:06,744366,744500,2020-04-21 09:51:06.125
2020-04-21 09:51:07,744367,744500,2020-04-21 09:51:07.143
2020-04-21 09:51:08,744372,744500,2020-04-21 09:51:08.160
2020-04-21 09:51:09,744374,744500,2020-04-21 09:51:09.260
2020-04-21 09:51:10,744375,744500,2020-04-21 09:51:10.292
2020-04-21 09:51:11,744370,744500,2020-04-21 09:51:11.323
2020-04-21 09:51:12,744371,744500,2020-04-21 09:51:12.371
2020-04-21 09:51:13,744381,744590,2020-04-21 09:51:13.416
2020-04-21 09:51:14,744382,744590,2020-04-21 09:51:14.787
2020-04-21 09:51:15,744388,744590,2020-04-21 09:51:15.947
2020-04-21 09:51:17,744388,744590,2020-04-21 09:51:17.025
2020-04-21 09:51:18,744389,744534,2020-04-21 09:51:18.082
2020-04-21 09:51:19,744314,744534,2020-04-21 09:51:19.110
2020-04-21 09:51:20,744396,744656,2020-04-21 09:51:20.162
2020-04-21 09:51:21,744271,744276,2020-04-21 09:51:21.175
2020-04-21 09:51:22,744141,744383,2020-04-21 09:51:22.189
2020-04-21 09:51:23,744160,744378,2020-04-21 09:51:23.215
2020-04-21 09:51:24,744160,744378,2020-04-21 09:51:24.231
2020-04-21 09:51:25,744169,744378,2020-04-21 09:51:25.266
2020-04-21 09:51:26,744171,744378,2020-04-21 09:51:26.281
2020-04-21 09:51:27,744180,744378,2020-04-21 09:51:27.297
2020-04-21 09:51:28,744185,744378,2020-04-21 09:51:28.312
2020-04-21 09:51:29,744186,744378,2020-04-21 09:51:29.786
2020-04-21 09:51:31,744187,744356,2020-04-21 09:51:31.038
2020-04-21 09:51:32,744188,744378,2020-04-21 09:51:32.141
2020-04-21 09:51:33,744187,744378,2020-04-21 09:51:33.165
2020-04-21 09:51:34,744192,744356,2020-04-21 09:51:34.198
2020-04-21 09:51:35,744192,744356,2020-04-21 09:51:35.319
2020-04-21 09:51:36,744193,744389,2020-04-21 09:51:36.858
2020-04-21 09:51:37,744204,744491,2020-04-21 09:51:37.938
2020-04-21 09:51:38,744213,744530,2020-04-21 09:51:38.945
2020-04-21 09:51:39,744219,744529,2020-04-21 09:51:39.968
2020-04-21 09:51:40,744228,744599,2020-04-21 09:51:40.998
2020-04-21 09:51:42,744556,744598,2020-04-21 09:51:42.006
2020-04-21 09:51:43,744293,744523,2020-04-21 09:51:43.076
2020-04-21 09:51:44,744299,744502,2020-04-21 09:51:44.192
2020-04-21 09:51:45,744155,744502,2020-04-21 09:51:45.577
2020-04-21 09:51:46,744164,744542,2020-04-21 09:51:46.622
2020-04-21 09:51:47,744170,744519,2020-04-21 09:51:47.649
2020-04-21 09:51:48,744170,744519,2020-04-21 09:51:48.882
2020-04-21 09:51:49,744178,744519,2020-04-21 09:51:49.913
2020-04-21 09:51:50,744184,744568,2020-04-21 09:51:50.934
2020-04-21 09:51:52,744193,744500,2020-04-21 09:51:52.270
2020-04-21 09:51:53,744198,744500,2020-04-21 09:51:53.282
2020-04-21 09:51:54,744219,744500,2020-04-21 09:51:54.411
2020-04-21 09:51:55,744228,744500,2020-04-21 09:51:55.836
2020-04-21 09:51:56,744235,744500,2020-04-21 09:51:56.857
2020-04-21 09:51:57,744247,744500,2020-04-21 09:51:57.934
2020-04-21 09:51:58,744253,744500,2020-04-21 09:51:58.959
2020-04-21 09:51:59,744261,744500,2020-04-21 09:51:59.982
2020-04-21 09:52:01,744266,744500,2020-04-21 09:52:01.068
2020-04-21 09:52:02,744273,744500,2020-04-21 09:52:02.146
2020-04-21 09:52:03,744273,744500,2020-04-21 09:52:03.299
2020-04-21 09:52:04,744282,744500,2020-04-21 09:52:04.350
2020-04-21 09:52:05,744288,744500,2020-04-21 09:52:05.560
2020-04-21 09:52:06,744301,744500,2020-04-21 09:52:06.785
2020-04-21 09:52:07,744308,744500,2020-04-21 09:52:07.815
2020-04-21 09:52:08,744313,744500,2020-04-21 09:52:08.841
2020-04-21 09:52:10,744317,744500,2020-04-21 09:52:10.588
2020-04-21 09:52:11,744329,744500,2020-04-21 09:52:11.660
2020-04-21 09:52:12,744334,744500,2020-04-21 09:52:12.726
2020-04-21 09:52:13,744335,744500,2020-04-21 09:52:13.738
2020-04-21 09:52:14,744341,744500,2020-04-21 09:52:14.757
2020-04-21 09:52:15,744343,744500,2020-04-21 09:52:15.786
2020-04-21 09:52:16,744351,744500,2020-04-21 09:52:16.832
2020-04-21 09:52:18,744353,744500,2020-04-21 09:52:18.456
2020-04-21 09:52:19,744362,744500,2020-04-21 09:52:19.466
2020-04-21 09:52:20,744246,744495,2020-04-21 09:52:20.717
2020-04-21 09:52:21,744268,744500,2020-04-21 09:52:21.752
2020-04-21 09:52:22,744281,744500,2020-04-21 09:52:22.805
2020-04-21 09:52:23,744282,744500,2020-04-21 09:52:23.988
2020-04-21 09:52:25,744292,744500,2020-04-21 09:52:25.236
2020-04-21 09:52:26,744298,744500,2020-04-21 09:52:26.517
2020-04-21 09:52:27,744307,744589,2020-04-21 09:52:27.541
2020-04-21 09:52:28,744312,744589,2020-04-21 09:52:28.555
2020-04-21 09:52:29,744473,744589,2020-04-21 09:52:29.672
2020-04-21 09:52:30,744500,744589,2020-04-21 09:52:30.849
2020-04-21 09:52:32,744506,744593,2020-04-21 09:52:32.247
2020-04-21 09:52:33,744514,744594,2020-04-21 09:52:33.314
2020-04-21 09:52:34,744519,744594,2020-04-21 09:52:34.435
2020-04-21 09:52:35,744525,744594,2020-04-21 09:52:35.460
2020-04-21 09:52:36,744534,744689,2020-04-21 09:52:36.869
2020-04-21 09:52:38,744545,744760,2020-04-21 09:52:38.030
2020-04-21 09:52:39,744553,744760,2020-04-21 09:52:39.326
2020-04-21 09:52:40,744555,744759,2020-04-21 09:52:40.334
2020-04-21 09:52:41,744566,744668,2020-04-21 09:52:41.944
2020-04-21 09:52:42,744571,744806,2020-04-21 09:52:42.976
2020-04-21 09:52:44,744572,744805,2020-04-21 09:52:44.016
2020-04-21 09:52:45,744534,744797,2020-04-21 09:52:45.054
2020-04-21 09:52:46,744539,744797,2020-04-21 09:52:46.173
2020-04-21 09:52:48,744531,744797,2020-04-21 09:52:48.037
2020-04-21 09:52:49,744550,744810,2020-04-21 09:52:49.056
2020-04-21 09:52:50,744558,744813,2020-04-21 09:52:50.118
2020-04-21 09:52:51,744691,744864,2020-04-21 09:52:51.158
2020-04-21 09:52:52,744692,744909,2020-04-21 09:52:52.963
2020-04-21 09:52:54,744914,745010,2020-04-21 09:52:54.228
2020-04-21 09:52:55,744915,745010,2020-04-21 09:52:55.560
2020-04-21 09:52:56,744915,745010,2020-04-21 09:52:56.603
2020-04-21 09:52:57,744915,745047,2020-04-21 09:52:57.633
2020-04-21 09:52:58,744915,745047,2020-04-21 09:52:58.635
2020-04-21 09:52:59,744915,745047,2020-04-21 09:52:59.723
2020-04-21 09:53:00,745000,745047,2020-04-21 09:53:00.787
2020-04-21 09:53:02,745005,745047,2020-04-21 09:53:02.071
2020-04-21 09:53:03,745006,745047,2020-04-21 09:53:03.107
2020-04-21 09:53:04,745012,745047,2020-04-21 09:53:04.307
2020-04-21 09:53:05,745014,745047,2020-04-21 09:53:05.511
2020-04-21 09:53:06,745015,745047,2020-04-21 09:53:06.659
2020-04-21 09:53:07,745020,745047,2020-04-21 09:53:07.687
2020-04-21 09:53:08,745023,745047,2020-04-21 09:53:08.772
2020-04-21 09:53:09,745022,745047,2020-04-21 09:53:09.867
2020-04-21 09:53:10,745023,745047,2020-04-21 09:53:10.887
2020-04-21 09:53:12,745023,745047,2020-04-21 09:53:12.283
2020-04-21 09:53:13,745031,745047,2020-04-21 09:53:13.514
2020-04-21 09:53:14,745028,745047,2020-04-21 09:53:14.532
2020-04-21 09:53:16,745008,745047,2020-04-21 09:53:15.992
2020-04-21 09:53:17,745000,745047,2020-04-21 09:53:17.097
2020-04-21 09:53:18,745000,745047,2020-04-21 09:53:18.125
2020-04-21 09:53:19,745005,745047,2020-04-21 09:53:19.208
2020-04-21 09:53:20,745005,745047,2020-04-21 09:53:20.265
2020-04-21 09:53:21,744915,745000,2020-04-21 09:53:21.957
2020-04-21 09:53:23,744762,744685,2020-04-21 09:53:23.101
2020-04-21 09:53:24,744762,744969,2020-04-21 09:53:24.144
2020-04-21 09:53:25,744762,744961,2020-04-21 09:53:25.333
2020-04-21 09:53:26,744762,744961,2020-04-21 09:53:26.350
2020-04-21 09:53:27,744762,744948,2020-04-21 09:53:27.395
2020-04-21 09:53:28,744762,744944,2020-04-21 09:53:28.869
2020-04-21 09:53:29,744762,744932,2020-04-21 09:53:29.880
2020-04-21 09:53:30,744762,744922,2020-04-21 09:53:30.960
2020-04-21 09:53:32,744762,744914,2020-04-21 09:53:32.848
2020-04-21 09:53:34,744762,744905,2020-04-21 09:53:34.041
2020-04-21 09:53:35,744762,744897,2020-04-21 09:53:35.984
2020-04-21 09:53:37,744762,744882,2020-04-21 09:53:37.116
2020-04-21 09:53:38,744762,744876,2020-04-21 09:53:38.187
2020-04-21 09:53:39,744566,744867,2020-04-21 09:53:39.199
2020-04-21 09:53:40,744566,744855,2020-04-21 09:53:40.355
2020-04-21 09:53:41,744566,744855,2020-04-21 09:53:41.387
2020-04-21 09:53:43,744566,744855,2020-04-21 09:53:43.084
2020-04-21 09:53:44,744566,744868,2020-04-21 09:53:44.171
2020-04-21 09:53:45,744566,744859,2020-04-21 09:53:45.281
2020-04-21 09:53:47,744566,744854,2020-04-21 09:53:47.552
2020-04-21 09:53:48,744854,744876,2020-04-21 09:53:48.620
2020-04-21 09:53:49,744854,744873,2020-04-21 09:53:49.646
2020-04-21 09:53:50,744854,744879,2020-04-21 09:53:50.665
2020-04-21 09:53:51,744884,744907,2020-04-21 09:53:51.887
2020-04-21 09:53:53,745059,745095,2020-04-21 09:53:53.529
2020-04-21 09:53:54,744915,745129,2020-04-21 09:53:54.548
2020-04-21 09:53:55,744957,745257,2020-04-21 09:53:55.676
2020-04-21 09:53:56,744983,745257,2020-04-21 09:53:56.755
2020-04-21 09:53:57,744988,745257,2020-04-21 09:53:57.762
2020-04-21 09:53:58,744997,745257,2020-04-21 09:53:58.790
2020-04-21 09:54:00,745002,745257,2020-04-21 09:54:00.127
2020-04-21 09:54:01,745029,745257,2020-04-21 09:54:01.229
2020-04-21 09:54:02,745035,745257,2020-04-21 09:54:02.316
2020-04-21 09:54:03,745044,745257,2020-04-21 09:54:03.350
2020-04-21 09:54:04,745073,745293,2020-04-21 09:54:04.429
2020-04-21 09:54:05,745078,745293,2020-04-21 09:54:05.523
2020-04-21 09:54:06,745086,745293,2020-04-21 09:54:06.849
2020-04-21 09:54:07,745032,745437,2020-04-21 09:54:07.898
2020-04-21 09:54:08,745096,745553,2020-04-21 09:54:08.954
2020-04-21 09:54:10,745118,745553,2020-04-21 09:54:10.030
2020-04-21 09:54:11,745123,745553,2020-04-21 09:54:11.040
2020-04-21 09:54:12,745131,745553,2020-04-21 09:54:12.196
2020-04-21 09:54:14,745153,745553,2020-04-21 09:54:14.001
2020-04-21 09:54:15,745414,745602,2020-04-21 09:54:15.014
2020-04-21 09:54:16,745179,745602,2020-04-21 09:54:16.025
2020-04-21 09:54:17,745607,745602,2020-04-21 09:54:17.032
2020-04-21 09:54:18,745363,745602,2020-04-21 09:54:18.051
2020-04-21 09:54:19,745214,745602,2020-04-21 09:54:19.077
2020-04-21 09:54:20,745113,745571,2020-04-21 09:54:20.086
2020-04-21 09:54:21,745105,745541,2020-04-21 09:54:21.091
2020-04-21 09:54:22,745110,745536,2020-04-21 09:54:22.847
2020-04-21 09:54:24,744868,745525,2020-04-21 09:54:24.089
2020-04-21 09:54:25,744874,745498,2020-04-21 09:54:25.114
2020-04-21 09:54:26,744877,745493,2020-04-21 09:54:26.174
2020-04-21 09:54:27,744889,745479,2020-04-21 09:54:27.189
2020-04-21 09:54:28,744891,745479,2020-04-21 09:54:28.580
2020-04-21 09:54:29,744904,745445,2020-04-21 09:54:29.592
2020-04-21 09:54:30,744909,745439,2020-04-21 09:54:30.624
2020-04-21 09:54:31,744919,745432,2020-04-21 09:54:31.658
2020-04-21 09:54:32,744924,745425,2020-04-21 09:54:32.688
2020-04-21 09:54:33,744929,745419,2020-04-21 09:54:33.743
2020-04-21 09:54:34,744942,745412,2020-04-21 09:54:34.762
2020-04-21 09:54:36,744942,745407,2020-04-21 09:54:36.020
2020-04-21 09:54:37,744949,745411,2020-04-21 09:54:37.959
2020-04-21 09:54:38,744965,745406,2020-04-21 09:54:38.991
2020-04-21 09:54:40,744973,745396,2020-04-21 09:54:40.014
2020-04-21 09:54:41,744973,745396,2020-04-21 09:54:41.255
2020-04-21 09:54:42,744984,745378,2020-04-21 09:54:42.279
2020-04-21 09:54:43,744989,745372,2020-04-21 09:54:43.305
2020-04-21 09:54:44,744989,745372,2020-04-21 09:54:44.539
2020-04-21 09:54:45,744990,745363,2020-04-21 09:54:45.649
2020-04-21 09:54:46,744996,745351,2020-04-21 09:54:46.814
2020-04-21 09:54:47,744996,745351,2020-04-21 09:54:47.835
2020-04-21 09:54:49,744996,745343,2020-04-21 09:54:49.031
2020-04-21 09:54:50,745002,745332,2020-04-21 09:54:50.099
2020-04-21 09:54:51,745004,745329,2020-04-21 09:54:51.338
2020-04-21 09:54:52,745008,745323,2020-04-21 09:54:52.366
2020-04-21 09:54:54,745009,745322,2020-04-21 09:54:54.020
2020-04-21 09:54:55,745009,745308,2020-04-21 09:54:55.028
2020-04-21 09:54:56,744900,745278,2020-04-21 09:54:56.071
2020-04-21 09:54:57,744900,745307,2020-04-21 09:54:57.317
2020-04-21 09:54:58,744868,745296,2020-04-21 09:54:58.588
2020-04-21 09:54:59,744868,745264,2020-04-21 09:54:59.605
2020-04-21 09:55:00,744854,745258,2020-04-21 09:55:00.635
2020-04-21 09:55:01,744854,745250,2020-04-21 09:55:01.691
2020-04-21 09:55:03,744854,745243,2020-04-21 09:55:03.014
2020-04-21 09:55:04,744855,745216,2020-04-21 09:55:04.617
2020-04-21 09:55:05,744860,745210,2020-04-21 09:55:05.651
2020-04-21 09:55:07,744862,745205,2020-04-21 09:55:07.072
2020-04-21 09:55:08,744870,745204,2020-04-21 09:55:08.110
2020-04-21 09:55:09,744870,745192,2020-04-21 09:55:09.136
2020-04-21 09:55:10,744871,745192,2020-04-21 09:55:10.407
2020-04-21 09:55:11,744878,745231,2020-04-21 09:55:11.490
2020-04-21 09:55:12,744880,745226,2020-04-21 09:55:12.521
2020-04-21 09:55:13,744887,745217,2020-04-21 09:55:13.726
2020-04-21 09:55:14,744888,745211,2020-04-21 09:55:14.857
2020-04-21 09:55:15,744896,745203,2020-04-21 09:55:15.864
2020-04-21 09:55:16,744894,745203,2020-04-21 09:55:16.985
2020-04-21 09:55:18,744895,745197,2020-04-21 09:55:18.000
2020-04-21 09:55:19,744861,745193,2020-04-21 09:55:19.057
2020-04-21 09:55:20,744871,745193,2020-04-21 09:55:20.104
2020-04-21 09:55:21,744879,745192,2020-04-21 09:55:21.158
2020-04-21 09:55:22,744879,745182,2020-04-21 09:55:22.847
2020-04-21 09:55:23,744888,745178,2020-04-21 09:55:23.914
2020-04-21 09:55:25,744892,745181,2020-04-21 09:55:25.010
2020-04-21 09:55:26,744897,745165,2020-04-21 09:55:26.026
2020-04-21 09:55:27,744897,745165,2020-04-21 09:55:27.088
2020-04-21 09:55:28,744902,745160,2020-04-21 09:55:28.121
2020-04-21 09:55:29,744902,745160,2020-04-21 09:55:29.378
2020-04-21 09:55:30,744877,745249,2020-04-21 09:55:30.620
2020-04-21 09:55:31,744882,745249,2020-04-21 09:55:31.840
2020-04-21 09:55:32,744890,745227,2020-04-21 09:55:32.868
2020-04-21 09:55:34,744890,745222,2020-04-21 09:55:34.207
2020-04-21 09:55:35,744872,745213,2020-04-21 09:55:35.238
2020-04-21 09:55:36,744872,745192,2020-04-21 09:55:36.333
2020-04-21 09:55:37,744872,745184,2020-04-21 09:55:37.832
2020-04-21 09:55:38,744872,745179,2020-04-21 09:55:38.863
2020-04-21 09:55:39,744872,745174,2020-04-21 09:55:39.994
2020-04-21 09:55:41,744872,745174,2020-04-21 09:55:41.894
2020-04-21 09:55:42,744872,745218,2020-04-21 09:55:42.935
2020-04-21 09:55:44,744872,745192,2020-04-21 09:55:44.264
2020-04-21 09:55:45,744872,745191,2020-04-21 09:55:45.532
2020-04-21 09:55:46,744872,745178,2020-04-21 09:55:46.561
2020-04-21 09:55:48,744872,745178,2020-04-21 09:55:48.057
2020-04-21 09:55:49,744872,745147,2020-04-21 09:55:49.766
2020-04-21 09:55:50,744854,745136,2020-04-21 09:55:50.869
2020-04-21 09:55:51,744870,745110,2020-04-21 09:55:51.968
2020-04-21 09:55:53,744875,745103,2020-04-21 09:55:53.061
2020-04-21 09:55:55,744875,745099,2020-04-21 09:55:55.450
2020-04-21 09:55:56,744880,745088,2020-04-21 09:55:56.601
2020-04-21 09:55:57,744880,745082,2020-04-21 09:55:57.618
2020-04-21 09:55:58,744880,745077,2020-04-21 09:55:58.844
2020-04-21 09:55:59,744880,745050,2020-04-21 09:55:59.871
2020-04-21 09:56:00,744880,745050,2020-04-21 09:56:00.889
2020-04-21 09:56:01,744880,745045,2020-04-21 09:56:01.892
2020-04-21 09:56:02,744875,745039,2020-04-21 09:56:02.967
2020-04-21 09:56:04,744854,744870,2020-04-21 09:56:04.011
2020-04-21 09:56:05,744854,745033,2020-04-21 09:56:05.292
2020-04-21 09:56:06,744854,744870,2020-04-21 09:56:06.335
2020-04-21 09:56:07,744854,744870,2020-04-21 09:56:07.357
2020-04-21 09:56:08,744854,744870,2020-04-21 09:56:08.577
2020-04-21 09:56:09,744854,744923,2020-04-21 09:56:09.855
2020-04-21 09:56:10,744854,745008,2020-04-21 09:56:10.864
2020-04-21 09:56:11,744854,745008,2020-04-21 09:56:11.899
2020-04-21 09:56:12,744854,744999,2020-04-21 09:56:12.952
2020-04-21 09:56:13,744854,744994,2020-04-21 09:56:13.957
2020-04-21 09:56:15,744854,744994,2020-04-21 09:56:15.005
2020-04-21 09:56:16,744854,744988,2020-04-21 09:56:16.646
2020-04-21 09:56:17,744854,744979,2020-04-21 09:56:17.708
2020-04-21 09:56:18,744854,744939,2020-04-21 09:56:18.813
2020-04-21 09:56:19,744854,744936,2020-04-21 09:56:19.827
2020-04-21 09:56:20,744854,744934,2020-04-21 09:56:20.899
2020-04-21 09:56:22,744854,744914,2020-04-21 09:56:22.850
2020-04-21 09:56:23,744854,744914,2020-04-21 09:56:23.906
2020-04-21 09:56:25,744854,744906,2020-04-21 09:56:25.030
2020-04-21 09:56:26,744854,744904,2020-04-21 09:56:26.046
2020-04-21 09:56:27,744854,744900,2020-04-21 09:56:27.120
2020-04-21 09:56:28,744854,744897,2020-04-21 09:56:28.853
2020-04-21 09:56:30,744854,744893,2020-04-21 09:56:30.184
2020-04-21 09:56:31,744854,744885,2020-04-21 09:56:31.297
2020-04-21 09:56:32,744854,744885,2020-04-21 09:56:32.565
2020-04-21 09:56:33,744854,744882,2020-04-21 09:56:33.655
2020-04-21 09:56:35,744854,744798,2020-04-21 09:56:35.178
2020-04-21 09:56:36,744854,744798,2020-04-21 09:56:36.372
2020-04-21 09:56:37,744854,744796,2020-04-21 09:56:37.604
2020-04-21 09:56:39,744854,744796,2020-04-21 09:56:39.084
2020-04-21 09:56:40,744854,744796,2020-04-21 09:56:40.114
2020-04-21 09:56:41,744854,744795,2020-04-21 09:56:41.134
2020-04-21 09:56:42,744854,744795,2020-04-21 09:56:42.571
2020-04-21 09:56:44,744854,744842,2020-04-21 09:56:44.206
2020-04-21 09:56:45,744854,744842,2020-04-21 09:56:45.316
2020-04-21 09:56:46,744854,744842,2020-04-21 09:56:46.407
2020-04-21 09:56:47,744854,744842,2020-04-21 09:56:47.435
2020-04-21 09:56:48,744854,744842,2020-04-21 09:56:48.839
2020-04-21 09:56:49,744854,744842,2020-04-21 09:56:49.892
2020-04-21 09:56:50,744854,744842,2020-04-21 09:56:50.986
2020-04-21 09:56:52,744802,744842,2020-04-21 09:56:52.000
2020-04-21 09:56:53,744807,744842,2020-04-21 09:56:53.031
2020-04-21 09:56:54,744815,744842,2020-04-21 09:56:54.065
2020-04-21 09:56:55,744820,744842,2020-04-21 09:56:55.083
2020-04-21 09:56:56,744820,744842,2020-04-21 09:56:56.381
2020-04-21 09:56:57,744820,744842,2020-04-21 09:56:57.523
2020-04-21 09:56:58,744803,744842,2020-04-21 09:56:58.534
2020-04-21 09:56:59,744803,744842,2020-04-21 09:56:59.793
2020-04-21 09:57:00,744808,744842,2020-04-21 09:57:00.802
2020-04-21 09:57:01,744808,744842,2020-04-21 09:57:01.852
2020-04-21 09:57:02,744808,744842,2020-04-21 09:57:02.904
2020-04-21 09:57:03,744795,744842,2020-04-21 09:57:03.917
2020-04-21 09:57:05,744795,744842,2020-04-21 09:57:05.458
2020-04-21 09:57:06,744795,744822,2020-04-21 09:57:06.478
2020-04-21 09:57:07,744795,744818,2020-04-21 09:57:07.533
2020-04-21 09:57:08,744795,744814,2020-04-21 09:57:08.766
2020-04-21 09:57:10,744800,744809,2020-04-21 09:57:10.063
2020-04-21 09:57:11,744470,744852,2020-04-21 09:57:11.151
2020-04-21 09:57:12,744471,744761,2020-04-21 09:57:12.180
2020-04-21 09:57:13,744500,744755,2020-04-21 09:57:13.653
2020-04-21 09:57:14,744505,744759,2020-04-21 09:57:14.669
2020-04-21 09:57:15,744513,744761,2020-04-21 09:57:15.874
2020-04-21 09:57:17,744513,744761,2020-04-21 09:57:17.360
2020-04-21 09:57:18,744453,744754,2020-04-21 09:57:18.464
2020-04-21 09:57:20,744474,744754,2020-04-21 09:57:20.016
2020-04-21 09:57:21,744474,744761,2020-04-21 09:57:21.027
2020-04-21 09:57:22,744474,744759,2020-04-21 09:57:22.161
2020-04-21 09:57:23,744482,744753,2020-04-21 09:57:23.192
2020-04-21 09:57:24,744482,744751,2020-04-21 09:57:24.419
2020-04-21 09:57:25,744482,744749,2020-04-21 09:57:25.427
2020-04-21 09:57:26,744424,744747,2020-04-21 09:57:26.467
2020-04-21 09:57:27,744445,744747,2020-04-21 09:57:27.537
2020-04-21 09:57:28,744445,744742,2020-04-21 09:57:28.591
2020-04-21 09:57:29,744425,744742,2020-04-21 09:57:29.610
2020-04-21 09:57:30,744425,744737,2020-04-21 09:57:30.688
2020-04-21 09:57:31,744365,744731,2020-04-21 09:57:31.909
2020-04-21 09:57:33,744365,744735,2020-04-21 09:57:33.044
2020-04-21 09:57:34,744387,744740,2020-04-21 09:57:34.078
2020-04-21 09:57:35,744396,744742,2020-04-21 09:57:35.101
2020-04-21 09:57:36,744396,744742,2020-04-21 09:57:36.103
2020-04-21 09:57:37,744396,744742,2020-04-21 09:57:37.104
2020-04-21 09:57:38,744398,744742,2020-04-21 09:57:38.680
2020-04-21 09:57:40,744403,744846,2020-04-21 09:57:40.305
2020-04-21 09:57:41,744422,744807,2020-04-21 09:57:41.335
2020-04-21 09:57:42,744423,744831,2020-04-21 09:57:42.505
2020-04-21 09:57:43,744429,744807,2020-04-21 09:57:43.511
2020-04-21 09:57:44,744437,744801,2020-04-21 09:57:44.574
2020-04-21 09:57:45,744438,744801,2020-04-21 09:57:45.631
2020-04-21 09:57:46,744449,744798,2020-04-21 09:57:46.731
2020-04-21 09:57:47,744456,744793,2020-04-21 09:57:47.752
2020-04-21 09:57:48,744462,744789,2020-04-21 09:57:48.793
2020-04-21 09:57:49,744463,744784,2020-04-21 09:57:49.845
2020-04-21 09:57:50,744470,744768,2020-04-21 09:57:50.918
2020-04-21 09:57:51,744475,744767,2020-04-21 09:57:51.938
2020-04-21 09:57:52,744477,744761,2020-04-21 09:57:52.960
2020-04-21 09:57:54,744477,744753,2020-04-21 09:57:54.008
2020-04-21 09:57:55,744477,744753,2020-04-21 09:57:55.093
2020-04-21 09:57:56,744459,744754,2020-04-21 09:57:56.206
2020-04-21 09:57:57,744459,744745,2020-04-21 09:57:57.378
2020-04-21 09:57:58,744462,744745,2020-04-21 09:57:58.402
2020-04-21 09:57:59,744467,744737,2020-04-21 09:57:59.409
2020-04-21 09:58:00,744467,744737,2020-04-21 09:58:00.427
2020-04-21 09:58:01,744467,744737,2020-04-21 09:58:01.481
2020-04-21 09:58:02,744473,744734,2020-04-21 09:58:02.500
2020-04-21 09:58:03,744473,744734,2020-04-21 09:58:03.810
2020-04-21 09:58:04,744475,744736,2020-04-21 09:58:04.857
2020-04-21 09:58:05,744482,744736,2020-04-21 09:58:05.862
2020-04-21 09:58:06,744748,744752,2020-04-21 09:58:06.880
2020-04-21 09:58:07,744748,744752,2020-04-21 09:58:07.884
2020-04-21 09:58:09,744748,744752,2020-04-21 09:58:09.204
2020-04-21 09:58:10,744748,744755,2020-04-21 09:58:10.497
2020-04-21 09:58:11,744748,744861,2020-04-21 09:58:11.541
2020-04-21 09:58:12,744748,744856,2020-04-21 09:58:12.731
2020-04-21 09:58:13,744756,744851,2020-04-21 09:58:13.783
2020-04-21 09:58:14,744756,744845,2020-04-21 09:58:14.792
2020-04-21 09:58:15,744756,744831,2020-04-21 09:58:15.869
2020-04-21 09:58:16,744756,744814,2020-04-21 09:58:16.891
2020-04-21 09:58:17,744756,744814,2020-04-21 09:58:17.954
2020-04-21 09:58:19,744756,744814,2020-04-21 09:58:19.030
2020-04-21 09:58:20,744756,744814,2020-04-21 09:58:20.414
2020-04-21 09:58:21,744748,744814,2020-04-21 09:58:21.429
2020-04-21 09:58:22,744748,744802,2020-04-21 09:58:22.536
2020-04-21 09:58:23,744748,744790,2020-04-21 09:58:23.564
2020-04-21 09:58:24,744365,744706,2020-04-21 09:58:24.940
2020-04-21 09:58:25,744365,744700,2020-04-21 09:58:25.993
2020-04-21 09:58:27,744365,744695,2020-04-21 09:58:27.147
2020-04-21 09:58:28,744365,744683,2020-04-21 09:58:28.170
2020-04-21 09:58:29,744365,744674,2020-04-21 09:58:29.679
2020-04-21 09:58:31,744365,744669,2020-04-21 09:58:31.651
2020-04-21 09:58:32,744365,744583,2020-04-21 09:58:32.684
2020-04-21 09:58:34,744365,744545,2020-04-21 09:58:34.281
2020-04-21 09:58:35,744365,744532,2020-04-21 09:58:35.324
2020-04-21 09:58:36,744365,744527,2020-04-21 09:58:36.494
2020-04-21 09:58:37,744001,744509,2020-04-21 09:58:37.588
2020-04-21 09:58:38,744001,744333,2020-04-21 09:58:38.678
2020-04-21 09:58:39,744006,744333,2020-04-21 09:58:39.845
2020-04-21 09:58:41,744030,744184,2020-04-21 09:58:41.048
2020-04-21 09:58:42,744030,744184,2020-04-21 09:58:42.062
2020-04-21 09:58:43,744014,744184,2020-04-21 09:58:43.215
2020-04-21 09:58:44,744014,744184,2020-04-21 09:58:44.249
2020-04-21 09:58:45,744008,744184,2020-04-21 09:58:45.252
2020-04-21 09:58:46,744008,744184,2020-04-21 09:58:46.436
2020-04-21 09:58:47,744005,744324,2020-04-21 09:58:47.636
2020-04-21 09:58:48,744020,744313,2020-04-21 09:58:48.659
2020-04-21 09:58:49,744042,744313,2020-04-21 09:58:49.697
2020-04-21 09:58:50,744047,744313,2020-04-21 09:58:50.754
2020-04-21 09:58:52,744104,744318,2020-04-21 09:58:52.192
2020-04-21 09:58:53,744109,744380,2020-04-21 09:58:53.240
2020-04-21 09:58:54,744039,744372,2020-04-21 09:58:54.266
2020-04-21 09:58:55,744060,744372,2020-04-21 09:58:55.296
2020-04-21 09:58:56,744066,744372,2020-04-21 09:58:56.413
2020-04-21 09:58:58,744066,744372,2020-04-21 09:58:58.070
2020-04-21 09:58:59,744077,744409,2020-04-21 09:58:59.536
2020-04-21 09:59:01,744087,744406,2020-04-21 09:59:01.311
2020-04-21 09:59:02,744092,744426,2020-04-21 09:59:02.319
2020-04-21 09:59:03,744093,744422,2020-04-21 09:59:03.671
2020-04-21 09:59:04,744123,744422,2020-04-21 09:59:04.848
2020-04-21 09:59:05,744123,744422,2020-04-21 09:59:05.869
2020-04-21 09:59:07,744127,744460,2020-04-21 09:59:07.409
2020-04-21 09:59:08,744177,744520,2020-04-21 09:59:08.464
2020-04-21 09:59:09,744319,744522,2020-04-21 09:59:09.510
2020-04-21 09:59:10,744332,744626,2020-04-21 09:59:10.595
2020-04-21 09:59:11,744333,744626,2020-04-21 09:59:11.603
2020-04-21 09:59:13,744333,744626,2020-04-21 09:59:13.341
2020-04-21 09:59:14,744346,744635,2020-04-21 09:59:14.358
2020-04-21 09:59:15,744328,744635,2020-04-21 09:59:15.640
2020-04-21 09:59:17,744338,744635,2020-04-21 09:59:17.147
2020-04-21 09:59:18,744338,744675,2020-04-21 09:59:18.708
2020-04-21 09:59:19,744328,744675,2020-04-21 09:59:19.848
2020-04-21 09:59:20,744333,744554,2020-04-21 09:59:20.854
2020-04-21 09:59:21,744333,744533,2020-04-21 09:59:21.863
2020-04-21 09:59:22,744333,744533,2020-04-21 09:59:22.885
2020-04-21 09:59:24,744323,744528,2020-04-21 09:59:24.220
2020-04-21 09:59:25,744328,744528,2020-04-21 09:59:25.253
2020-04-21 09:59:26,744328,744528,2020-04-21 09:59:26.794
2020-04-21 09:59:27,744333,744574,2020-04-21 09:59:27.846
2020-04-21 09:59:29,744333,744611,2020-04-21 09:59:29.076
2020-04-21 09:59:30,744331,744532,2020-04-21 09:59:30.116
2020-04-21 09:59:31,744331,744532,2020-04-21 09:59:31.234
2020-04-21 09:59:32,744318,744521,2020-04-21 09:59:32.250
2020-04-21 09:59:33,744318,744425,2020-04-21 09:59:33.326
2020-04-21 09:59:35,744318,744425,2020-04-21 09:59:35.313
2020-04-21 09:59:36,744318,744425,2020-04-21 09:59:36.354
2020-04-21 09:59:37,744318,744425,2020-04-21 09:59:37.503
2020-04-21 09:59:38,744318,744425,2020-04-21 09:59:38.830
2020-04-21 09:59:39,744318,744425,2020-04-21 09:59:39.847
2020-04-21 09:59:41,744318,744425,2020-04-21 09:59:41.036
2020-04-21 09:59:42,744318,744425,2020-04-21 09:59:42.066
2020-04-21 09:59:43,744318,744420,2020-04-21 09:59:43.192
2020-04-21 09:59:44,744318,744420,2020-04-21 09:59:44.656
2020-04-21 09:59:45,744318,744425,2020-04-21 09:59:45.681
2020-04-21 09:59:46,744318,744415,2020-04-21 09:59:46.704
2020-04-21 09:59:47,744318,744415,2020-04-21 09:59:47.714
2020-04-21 09:59:48,744318,744456,2020-04-21 09:59:48.762
2020-04-21 09:59:49,744318,744430,2020-04-21 09:59:49.785
2020-04-21 09:59:50,744323,744449,2020-04-21 09:59:50.834
2020-04-21 09:59:51,744318,744446,2020-04-21 09:59:51.847
2020-04-21 09:59:52,744318,744440,2020-04-21 09:59:52.859
2020-04-21 09:59:53,744318,744486,2020-04-21 09:59:53.877
2020-04-21 09:59:54,744318,744432,2020-04-21 09:59:54.932
2020-04-21 09:59:55,744323,744476,2020-04-21 09:59:55.952
2020-04-21 09:59:56,744331,744474,2020-04-21 09:59:56.977
2020-04-21 09:59:58,744329,744482,2020-04-21 09:59:58.002
2020-04-21 09:59:59,744329,744477,2020-04-21 09:59:59.556
2020-04-21 10:00:00,744334,744497,2020-04-21 10:00:00.884
2020-04-21 10:00:01,744497,744623,2020-04-21 10:00:01.899
2020-04-21 10:00:02,744497,744630,2020-04-21 10:00:02.977
2020-04-21 10:00:04,744400,744623,2020-04-21 10:00:04.000
2020-04-21 10:00:05,744426,744623,2020-04-21 10:00:05.349
2020-04-21 10:00:06,744427,744623,2020-04-21 10:00:06.527
2020-04-21 10:00:07,744435,744653,2020-04-21 10:00:07.552
2020-04-21 10:00:08,744436,744623,2020-04-21 10:00:08.577
2020-04-21 10:00:09,744462,744812,2020-04-21 10:00:09.655
2020-04-21 10:00:10,744467,744804,2020-04-21 10:00:10.764
2020-04-21 10:00:11,744473,744885,2020-04-21 10:00:11.853
2020-04-21 10:00:12,744481,744885,2020-04-21 10:00:12.963
2020-04-21 10:00:14,744482,744885,2020-04-21 10:00:14.140
2020-04-21 10:00:15,744504,744890,2020-04-21 10:00:15.267
2020-04-21 10:00:16,744504,744890,2020-04-21 10:00:16.407
2020-04-21 10:00:17,744598,744890,2020-04-21 10:00:17.438
2020-04-21 10:00:18,744629,744890,2020-04-21 10:00:18.490
2020-04-21 10:00:19,744637,744890,2020-04-21 10:00:19.572
2020-04-21 10:00:20,744643,745013,2020-04-21 10:00:20.951
2020-04-21 10:00:22,744643,745119,2020-04-21 10:00:22.034
2020-04-21 10:00:23,744850,745119,2020-04-21 10:00:23.119
2020-04-21 10:00:24,744850,745119,2020-04-21 10:00:24.571
2020-04-21 10:00:25,744858,745119,2020-04-21 10:00:25.756
2020-04-21 10:00:26,744858,745119,2020-04-21 10:00:26.886
2020-04-21 10:00:27,744858,745238,2020-04-21 10:00:27.940
2020-04-21 10:00:28,744877,745238,2020-04-21 10:00:28.968
2020-04-21 10:00:30,744886,745238,2020-04-21 10:00:30.731
2020-04-21 10:00:31,744918,745238,2020-04-21 10:00:31.806
2020-04-21 10:00:32,744924,745238,2020-04-21 10:00:32.845
2020-04-21 10:00:34,744927,745238,2020-04-21 10:00:34.019
2020-04-21 10:00:35,745053,745238,2020-04-21 10:00:35.110
2020-04-21 10:00:36,745067,745238,2020-04-21 10:00:36.147
2020-04-21 10:00:37,745068,745241,2020-04-21 10:00:37.182
2020-04-21 10:00:38,745075,745241,2020-04-21 10:00:38.299
2020-04-21 10:00:39,745083,745241,2020-04-21 10:00:39.633
2020-04-21 10:00:40,745086,745241,2020-04-21 10:00:40.649
2020-04-21 10:00:41,745091,745241,2020-04-21 10:00:41.723
2020-04-21 10:00:42,745047,745227,2020-04-21 10:00:42.738
2020-04-21 10:00:43,745052,745222,2020-04-21 10:00:43.744
2020-04-21 10:00:44,745052,745222,2020-04-21 10:00:44.806
2020-04-21 10:00:45,745057,745241,2020-04-21 10:00:45.821
2020-04-21 10:00:47,745062,745220,2020-04-21 10:00:47.413
2020-04-21 10:00:48,745062,745194,2020-04-21 10:00:48.917
2020-04-21 10:00:49,745057,745213,2020-04-21 10:00:49.921
2020-04-21 10:00:50,745057,745209,2020-04-21 10:00:50.927
2020-04-21 10:00:51,745067,745208,2020-04-21 10:00:51.998
2020-04-21 10:00:53,745067,745220,2020-04-21 10:00:53.031
2020-04-21 10:00:54,745067,745235,2020-04-21 10:00:54.200
2020-04-21 10:00:55,745060,745232,2020-04-21 10:00:55.300
2020-04-21 10:00:56,745060,745239,2020-04-21 10:00:56.329
2020-04-21 10:00:57,745065,745244,2020-04-21 10:00:57.361
2020-04-21 10:00:58,745065,745242,2020-04-21 10:00:58.389
2020-04-21 10:00:59,744791,745000,2020-04-21 10:00:59.724
2020-04-21 10:01:01,744818,745000,2020-04-21 10:01:01.182
2020-04-21 10:01:02,744829,745000,2020-04-21 10:01:02.198
2020-04-21 10:01:03,744832,745000,2020-04-21 10:01:03.254
2020-04-21 10:01:04,744859,745000,2020-04-21 10:01:04.275
2020-04-21 10:01:05,744866,745000,2020-04-21 10:01:05.285
2020-04-21 10:01:06,744867,745000,2020-04-21 10:01:06.316
2020-04-21 10:01:07,745000,745246,2020-04-21 10:01:07.377
2020-04-21 10:01:08,745059,745241,2020-04-21 10:01:08.959
2020-04-21 10:01:09,745082,745301,2020-04-21 10:01:09.970
2020-04-21 10:01:11,745087,745301,2020-04-21 10:01:11.054
2020-04-21 10:01:12,745100,745301,2020-04-21 10:01:12.084
2020-04-21 10:01:13,745104,745301,2020-04-21 10:01:13.113
2020-04-21 10:01:14,745106,745301,2020-04-21 10:01:14.220
2020-04-21 10:01:15,745114,745301,2020-04-21 10:01:15.232
2020-04-21 10:01:17,745119,745301,2020-04-21 10:01:17.047
2020-04-21 10:01:18,745131,745301,2020-04-21 10:01:18.118
2020-04-21 10:01:19,745136,745413,2020-04-21 10:01:19.168
2020-04-21 10:01:20,745136,745391,2020-04-21 10:01:20.208
2020-04-21 10:01:21,745136,745387,2020-04-21 10:01:21.242
2020-04-21 10:01:22,744963,745377,2020-04-21 10:01:22.265
2020-04-21 10:01:23,744965,745076,2020-04-21 10:01:23.405
2020-04-21 10:01:25,744903,745222,2020-04-21 10:01:25.389
2020-04-21 10:01:26,744914,745335,2020-04-21 10:01:26.403
2020-04-21 10:01:27,744921,745313,2020-04-21 10:01:27.416
2020-04-21 10:01:28,744923,745311,2020-04-21 10:01:28.451
2020-04-21 10:01:29,744929,745309,2020-04-21 10:01:29.720
2020-04-21 10:01:30,744937,745301,2020-04-21 10:01:30.968
2020-04-21 10:01:32,744942,745270,2020-04-21 10:01:32.037
2020-04-21 10:01:33,744938,745264,2020-04-21 10:01:33.073
2020-04-21 10:01:34,744904,745258,2020-04-21 10:01:34.097
2020-04-21 10:01:35,744903,745230,2020-04-21 10:01:35.225
2020-04-21 10:01:36,744903,745228,2020-04-21 10:01:36.674
2020-04-21 10:01:37,744909,745228,2020-04-21 10:01:37.723
2020-04-21 10:01:38,745228,745358,2020-04-21 10:01:38.859
2020-04-21 10:01:39,745028,745401,2020-04-21 10:01:39.907
2020-04-21 10:01:40,745049,745396,2020-04-21 10:01:40.932
2020-04-21 10:01:42,745054,745391,2020-04-21 10:01:42.354
2020-04-21 10:01:43,745066,745391,2020-04-21 10:01:43.382
2020-04-21 10:01:44,745071,745401,2020-04-21 10:01:44.434
2020-04-21 10:01:45,745046,745401,2020-04-21 10:01:45.537
2020-04-21 10:01:46,745067,745404,2020-04-21 10:01:46.586
2020-04-21 10:01:47,745073,745415,2020-04-21 10:01:47.898
2020-04-21 10:01:49,745078,745415,2020-04-21 10:01:49.350
2020-04-21 10:01:50,745251,745413,2020-04-21 10:01:50.363
2020-04-21 10:01:51,745256,745413,2020-04-21 10:01:51.853
2020-04-21 10:01:53,745266,745415,2020-04-21 10:01:53.079
2020-04-21 10:01:54,745269,745424,2020-04-21 10:01:54.163
2020-04-21 10:01:55,745274,745424,2020-04-21 10:01:55.212
2020-04-21 10:01:56,745275,745424,2020-04-21 10:01:56.238
2020-04-21 10:01:57,745275,745424,2020-04-21 10:01:57.786
2020-04-21 10:01:58,745280,745424,2020-04-21 10:01:58.792
2020-04-21 10:01:59,745272,745424,2020-04-21 10:01:59.856
2020-04-21 10:02:00,745274,745424,2020-04-21 10:02:00.878
2020-04-21 10:02:02,745275,745423,2020-04-21 10:02:02.059
2020-04-21 10:02:03,745067,745251,2020-04-21 10:02:03.153
2020-04-21 10:02:04,745067,745250,2020-04-21 10:02:04.392
2020-04-21 10:02:05,745067,745250,2020-04-21 10:02:05.507
2020-04-21 10:02:06,745088,745267,2020-04-21 10:02:06.968
2020-04-21 10:02:08,745088,745267,2020-04-21 10:02:08.207
2020-04-21 10:02:09,745067,745289,2020-04-21 10:02:09.273
2020-04-21 10:02:10,745067,745277,2020-04-21 10:02:10.661
2020-04-21 10:02:11,745088,745266,2020-04-21 10:02:11.917
2020-04-21 10:02:12,745088,745376,2020-04-21 10:02:12.937
2020-04-21 10:02:14,745088,745391,2020-04-21 10:02:13.995
2020-04-21 10:02:15,745090,745389,2020-04-21 10:02:15.099
2020-04-21 10:02:17,745090,745389,2020-04-21 10:02:17.174
2020-04-21 10:02:18,745119,745384,2020-04-21 10:02:18.188
2020-04-21 10:02:19,745127,745396,2020-04-21 10:02:19.205
2020-04-21 10:02:20,745133,745391,2020-04-21 10:02:20.232
2020-04-21 10:02:21,745133,745385,2020-04-21 10:02:21.367
2020-04-21 10:02:22,745153,745377,2020-04-21 10:02:22.672
2020-04-21 10:02:23,745153,745376,2020-04-21 10:02:23.703
2020-04-21 10:02:24,745154,745373,2020-04-21 10:02:24.720
2020-04-21 10:02:25,745154,745363,2020-04-21 10:02:25.745
2020-04-21 10:02:26,745154,745368,2020-04-21 10:02:26.755
2020-04-21 10:02:27,745154,745402,2020-04-21 10:02:27.861
2020-04-21 10:02:28,745155,745396,2020-04-21 10:02:28.906
2020-04-21 10:02:29,745155,745396,2020-04-21 10:02:29.928
2020-04-21 10:02:31,745160,745390,2020-04-21 10:02:31.048
2020-04-21 10:02:32,745160,745400,2020-04-21 10:02:32.134
2020-04-21 10:02:33,745067,745399,2020-04-21 10:02:33.283
2020-04-21 10:02:34,745069,745387,2020-04-21 10:02:34.320
2020-04-21 10:02:35,745069,745390,2020-04-21 10:02:35.431
2020-04-21 10:02:36,745070,745385,2020-04-21 10:02:36.660
2020-04-21 10:02:37,745080,745385,2020-04-21 10:02:37.705
2020-04-21 10:02:39,745090,745384,2020-04-21 10:02:39.019
2020-04-21 10:02:40,745090,745395,2020-04-21 10:02:40.620
2020-04-21 10:02:41,745109,745385,2020-04-21 10:02:41.655
2020-04-21 10:02:42,745109,745386,2020-04-21 10:02:42.700
2020-04-21 10:02:43,745117,745359,2020-04-21 10:02:43.886
2020-04-21 10:02:44,745117,745357,2020-04-21 10:02:44.893
2020-04-21 10:02:46,745117,745357,2020-04-21 10:02:46.240
2020-04-21 10:02:47,745067,745343,2020-04-21 10:02:47.610
2020-04-21 10:02:48,745068,745342,2020-04-21 10:02:48.641
2020-04-21 10:02:49,745068,745367,2020-04-21 10:02:49.888
2020-04-21 10:02:50,745068,745376,2020-04-21 10:02:50.908
2020-04-21 10:02:52,745068,745369,2020-04-21 10:02:52.098
2020-04-21 10:02:53,745073,745363,2020-04-21 10:02:53.105
2020-04-21 10:02:54,745073,745362,2020-04-21 10:02:54.119
2020-04-21 10:02:55,745067,745381,2020-04-21 10:02:55.139
2020-04-21 10:02:56,745068,745399,2020-04-21 10:02:56.147
2020-04-21 10:02:57,745069,745391,2020-04-21 10:02:57.169
2020-04-21 10:02:58,745074,745386,2020-04-21 10:02:58.207
2020-04-21 10:02:59,745074,745384,2020-04-21 10:02:59.473
2020-04-21 10:03:00,745075,745370,2020-04-21 10:03:00.528
2020-04-21 10:03:01,745075,745364,2020-04-21 10:03:01.572
2020-04-21 10:03:02,745075,745363,2020-04-21 10:03:02.817
2020-04-21 10:03:04,745075,745358,2020-04-21 10:03:04.083
2020-04-21 10:03:05,745075,745358,2020-04-21 10:03:05.999
2020-04-21 10:03:07,745103,745360,2020-04-21 10:03:07.071
2020-04-21 10:03:08,745103,745360,2020-04-21 10:03:08.104
2020-04-21 10:03:09,745105,745360,2020-04-21 10:03:09.116
2020-04-21 10:03:10,745107,745360,2020-04-21 10:03:10.335
2020-04-21 10:03:11,745129,745360,2020-04-21 10:03:11.407
2020-04-21 10:03:12,745129,745360,2020-04-21 10:03:12.586
2020-04-21 10:03:13,745132,745360,2020-04-21 10:03:13.592
2020-04-21 10:03:14,745134,745360,2020-04-21 10:03:14.602
2020-04-21 10:03:15,745155,745419,2020-04-21 10:03:15.635
2020-04-21 10:03:16,745429,745477,2020-04-21 10:03:16.652
2020-04-21 10:03:18,745220,745477,2020-04-21 10:03:18.041
2020-04-21 10:03:19,745296,745477,2020-04-21 10:03:19.270
2020-04-21 10:03:20,745302,745477,2020-04-21 10:03:20.289
2020-04-21 10:03:21,745305,745477,2020-04-21 10:03:21.322
2020-04-21 10:03:22,745305,745477,2020-04-21 10:03:22.346
2020-04-21 10:03:23,745305,745477,2020-04-21 10:03:23.412
2020-04-21 10:03:24,745305,745477,2020-04-21 10:03:24.624
2020-04-21 10:03:25,745305,745477,2020-04-21 10:03:25.865
2020-04-21 10:03:26,745300,745477,2020-04-21 10:03:26.985
2020-04-21 10:03:28,745305,745477,2020-04-21 10:03:28.003
2020-04-21 10:03:29,745305,745477,2020-04-21 10:03:29.117
2020-04-21 10:03:30,745300,745477,2020-04-21 10:03:30.144
2020-04-21 10:03:31,745305,745477,2020-04-21 10:03:31.174
2020-04-21 10:03:32,745300,745477,2020-04-21 10:03:32.217
2020-04-21 10:03:33,745305,745477,2020-04-21 10:03:33.981
2020-04-21 10:03:35,745305,745477,2020-04-21 10:03:35.086
2020-04-21 10:03:36,745305,745477,2020-04-21 10:03:36.102
2020-04-21 10:03:37,745305,745477,2020-04-21 10:03:37.378
2020-04-21 10:03:38,745306,745477,2020-04-21 10:03:38.417
2020-04-21 10:03:39,745307,745477,2020-04-21 10:03:39.489
2020-04-21 10:03:40,745302,745477,2020-04-21 10:03:40.515
2020-04-21 10:03:41,745307,745477,2020-04-21 10:03:41.541
2020-04-21 10:03:42,745307,745477,2020-04-21 10:03:42.569
2020-04-21 10:03:43,745305,745477,2020-04-21 10:03:43.676
2020-04-21 10:03:46,745305,745477,2020-04-21 10:03:46.070
2020-04-21 10:03:47,745305,745477,2020-04-21 10:03:47.130
2020-04-21 10:03:48,745305,745477,2020-04-21 10:03:48.168
2020-04-21 10:03:49,745309,745767,2020-04-21 10:03:49.210
2020-04-21 10:03:50,745309,745744,2020-04-21 10:03:50.236
2020-04-21 10:03:51,745309,745734,2020-04-21 10:03:51.371
