timestamp,bid,ask,tick_timestamp
2020-04-21 09:31:45,743715,743910,2020-04-21 09:31:45.829
2020-04-21 09:31:46,743715,743910,2020-04-21 09:31:46.877
2020-04-21 09:31:47,743715,743910,2020-04-21 09:31:47.918
2020-04-21 09:31:48,743730,743893,2020-04-21 09:31:48.956
2020-04-21 09:31:50,743624,743893,2020-04-21 09:31:50.120
2020-04-21 09:31:51,743837,743870,2020-04-21 09:31:51.142
2020-04-21 09:31:52,743837,743865,2020-04-21 09:31:52.167
2020-04-21 09:31:53,743837,743865,2020-04-21 09:31:53.228
2020-04-21 09:31:54,743837,743865,2020-04-21 09:31:54.377
2020-04-21 09:31:55,743594,743865,2020-04-21 09:31:55.463
2020-04-21 09:31:56,743569,743865,2020-04-21 09:31:56.488
2020-04-21 09:31:57,743578,743752,2020-04-21 09:31:57.499
2020-04-21 09:31:58,743733,743752,2020-04-21 09:31:58.532
2020-04-21 09:31:59,743733,743839,2020-04-21 09:31:59.559
2020-04-21 09:32:00,743559,743771,2020-04-21 09:32:00.716
2020-04-21 09:32:01,743497,743531,2020-04-21 09:32:01.809
2020-04-21 09:32:02,743272,743339,2020-04-21 09:32:02.833
2020-04-21 09:32:03,743235,743375,2020-04-21 09:32:03.856
2020-04-21 09:32:04,743235,743393,2020-04-21 09:32:04.894
2020-04-21 09:32:05,743235,743361,2020-04-21 09:32:05.914
2020-04-21 09:32:06,743235,743251,2020-04-21 09:32:06.949
2020-04-21 09:32:07,743285,743301,2020-04-21 09:32:07.976
2020-04-21 09:32:09,743343,743356,2020-04-21 09:32:09.044
2020-04-21 09:32:10,743387,743356,2020-04-21 09:32:10.053
2020-04-21 09:32:11,743442,743388,2020-04-21 09:32:11.075
2020-04-21 09:32:12,743442,743388,2020-04-21 09:32:12.193
2020-04-21 09:32:13,743442,743388,2020-04-21 09:32:13.220
2020-04-21 09:32:14,743459,743388,2020-04-21 09:32:14.262
2020-04-21 09:32:15,743459,743483,2020-04-21 09:32:15.299
2020-04-21 09:32:16,743459,743456,2020-04-21 09:32:16.414
2020-04-21 09:32:17,743461,743641,2020-04-21 09:32:17.431
2020-04-21 09:32:18,743493,743640,2020-04-21 09:32:18.507
2020-04-21 09:32:19,743475,743619,2020-04-21 09:32:19.529
2020-04-21 09:32:20,743490,743619,2020-04-21 09:32:20.588
2020-04-21 09:32:21,743490,743619,2020-04-21 09:32:21.613
2020-04-21 09:32:22,743490,743587,2020-04-21 09:32:22.676
2020-04-21 09:32:23,743490,743587,2020-04-21 09:32:23.729
2020-04-21 09:32:24,743490,743587,2020-04-21 09:32:24.751
2020-04-21 09:32:25,743527,743587,2020-04-21 09:32:25.869
2020-04-21 09:32:26,743527,743619,2020-04-21 09:32:26.898
2020-04-21 09:32:27,743592,743772,2020-04-21 09:32:27.956
2020-04-21 09:32:28,743532,743534,2020-04-21 09:32:28.977
2020-04-21 09:32:30,743490,743534,2020-04-21 09:32:30.172
2020-04-21 09:32:31,743537,743710,2020-04-21 09:32:31.196
2020-04-21 09:32:32,743537,743810,2020-04-21 09:32:32.251
2020-04-21 09:32:33,743659,743810,2020-04-21 09:32:33.287
2020-04-21 09:32:34,743659,743760,2020-04-21 09:32:34.343
2020-04-21 09:32:35,743659,743703,2020-04-21 09:32:35.641
2020-04-21 09:32:36,743518,743680,2020-04-21 09:32:36.652
2020-04-21 09:32:37,743645,743680,2020-04-21 09:32:37.680
2020-04-21 09:32:38,743654,743680,2020-04-21 09:32:38.732
2020-04-21 09:32:39,743654,743680,2020-04-21 09:32:39.754
2020-04-21 09:32:40,743774,743682,2020-04-21 09:32:40.864
2020-04-21 09:32:41,743774,743865,2020-04-21 09:32:41.928
2020-04-21 09:32:42,743774,743865,2020-04-21 09:32:42.947
2020-04-21 09:32:43,743774,743865,2020-04-21 09:32:43.976
2020-04-21 09:32:45,743774,743876,2020-04-21 09:32:45.069
2020-04-21 09:32:46,743774,743876,2020-04-21 09:32:46.140
2020-04-21 09:32:47,743774,743965,2020-04-21 09:32:47.268
2020-04-21 09:32:48,743803,744004,2020-04-21 09:32:48.361
2020-04-21 09:32:49,743920,744004,2020-04-21 09:32:49.385
2020-04-21 09:32:50,743920,744004,2020-04-21 09:32:50.451
2020-04-21 09:32:51,743920,744004,2020-04-21 09:32:51.468
2020-04-21 09:32:52,743920,744027,2020-04-21 09:32:52.501
2020-04-21 09:32:53,743920,744027,2020-04-21 09:32:53.562
2020-04-21 09:32:54,743920,744027,2020-04-21 09:32:54.647
2020-04-21 09:32:55,743920,744027,2020-04-21 09:32:55.664
2020-04-21 09:32:56,743920,744027,2020-04-21 09:32:56.706
2020-04-21 09:32:57,743920,743951,2020-04-21 09:32:57.854
2020-04-21 09:32:58,743920,743951,2020-04-21 09:32:58.883
2020-04-21 09:32:59,743807,743951,2020-04-21 09:32:59.901
2020-04-21 09:33:00,743727,743728,2020-04-21 09:33:00.957
2020-04-21 09:33:02,743727,743728,2020-04-21 09:33:02.263
2020-04-21 09:33:03,743732,743728,2020-04-21 09:33:03.296
2020-04-21 09:33:04,743732,743728,2020-04-21 09:33:04.312
2020-04-21 09:33:05,743506,743728,2020-04-21 09:33:05.330
2020-04-21 09:33:06,743538,743728,2020-04-21 09:33:06.380
2020-04-21 09:33:07,743585,743728,2020-04-21 09:33:07.404
2020-04-21 09:33:08,743585,743728,2020-04-21 09:33:08.550
2020-04-21 09:33:09,743585,743686,2020-04-21 09:33:09.579
2020-04-21 09:33:10,743585,743670,2020-04-21 09:33:10.606
2020-04-21 09:33:11,743585,743670,2020-04-21 09:33:11.629
2020-04-21 09:33:12,743585,743667,2020-04-21 09:33:12.654
2020-04-21 09:33:13,743672,743667,2020-04-21 09:33:13.699
2020-04-21 09:33:14,743934,743991,2020-04-21 09:33:14.729
2020-04-21 09:33:15,744081,744183,2020-04-21 09:33:15.769
2020-04-21 09:33:16,744152,744413,2020-04-21 09:33:16.810
2020-04-21 09:33:17,744340,744342,2020-04-21 09:33:17.848
2020-04-21 09:33:18,744340,744272,2020-04-21 09:33:18.875
2020-04-21 09:33:19,744340,744272,2020-04-21 09:33:19.945
2020-04-21 09:33:20,744100,744223,2020-04-21 09:33:20.961
2020-04-21 09:33:22,744100,744223,2020-04-21 09:33:22.043
2020-04-21 09:33:23,744161,744223,2020-04-21 09:33:23.109
2020-04-21 09:33:24,744100,744145,2020-04-21 09:33:24.131
2020-04-21 09:33:25,744100,744145,2020-04-21 09:33:25.181
2020-04-21 09:33:26,744100,744096,2020-04-21 09:33:26.204
2020-04-21 09:33:27,744068,744080,2020-04-21 09:33:27.658
2020-04-21 09:33:28,744068,744064,2020-04-21 09:33:28.666
2020-04-21 09:33:29,744068,744064,2020-04-21 09:33:29.772
2020-04-21 09:33:30,743938,743934,2020-04-21 09:33:30.792
2020-04-21 09:33:31,743877,743934,2020-04-21 09:33:31.852
2020-04-21 09:33:32,743834,744059,2020-04-21 09:33:32.925
2020-04-21 09:33:33,743823,743935,2020-04-21 09:33:33.945
2020-04-21 09:33:35,743837,743935,2020-04-21 09:33:35.657
2020-04-21 09:33:36,743837,744010,2020-04-21 09:33:36.850
2020-04-21 09:33:38,743837,744010,2020-04-21 09:33:38.036
2020-04-21 09:33:39,743837,744010,2020-04-21 09:33:39.066
2020-04-21 09:33:40,743837,744010,2020-04-21 09:33:40.160
2020-04-21 09:33:41,743919,743971,2020-04-21 09:33:41.478
2020-04-21 09:33:42,743919,743971,2020-04-21 09:33:42.513
2020-04-21 09:33:43,743919,743971,2020-04-21 09:33:43.541
2020-04-21 09:33:44,744003,743971,2020-04-21 09:33:44.580
2020-04-21 09:33:45,744004,744167,2020-04-21 09:33:45.582
2020-04-21 09:33:46,744004,744149,2020-04-21 09:33:46.593
2020-04-21 09:33:47,744007,744093,2020-04-21 09:33:47.622
2020-04-21 09:33:48,744007,744122,2020-04-21 09:33:48.764
2020-04-21 09:33:49,744007,744236,2020-04-21 09:33:49.889
2020-04-21 09:33:50,743992,744073,2020-04-21 09:33:50.937
2020-04-21 09:33:52,743975,744073,2020-04-21 09:33:52.034
2020-04-21 09:33:53,743975,744073,2020-04-21 09:33:53.057
2020-04-21 09:33:54,743975,744073,2020-04-21 09:33:54.165
2020-04-21 09:33:55,743975,744073,2020-04-21 09:33:55.177
2020-04-21 09:33:56,743975,744073,2020-04-21 09:33:56.185
2020-04-21 09:33:57,743975,744020,2020-04-21 09:33:57.203
2020-04-21 09:33:58,743975,744020,2020-04-21 09:33:58.452
2020-04-21 09:33:59,743836,743977,2020-04-21 09:33:59.493
2020-04-21 09:34:00,743794,743830,2020-04-21 09:34:00.508
2020-04-21 09:34:01,743794,743794,2020-04-21 09:34:01.515
2020-04-21 09:34:02,743794,743794,2020-04-21 09:34:02.639
2020-04-21 09:34:03,743794,743830,2020-04-21 09:34:03.692
2020-04-21 09:34:04,743796,743830,2020-04-21 09:34:04.706
2020-04-21 09:34:05,743801,743930,2020-04-21 09:34:05.719
2020-04-21 09:34:06,743802,743930,2020-04-21 09:34:06.968
2020-04-21 09:34:08,743802,743930,2020-04-21 09:34:08.003
2020-04-21 09:34:09,743802,743930,2020-04-21 09:34:09.021
2020-04-21 09:34:10,743802,743916,2020-04-21 09:34:10.101
2020-04-21 09:34:11,743802,743962,2020-04-21 09:34:11.127
2020-04-21 09:34:12,743802,743962,2020-04-21 09:34:12.159
2020-04-21 09:34:13,743963,743996,2020-04-21 09:34:13.172
2020-04-21 09:34:14,743963,743960,2020-04-21 09:34:14.187
2020-04-21 09:34:15,743963,743960,2020-04-21 09:34:15.245
2020-04-21 09:34:16,743963,743960,2020-04-21 09:34:16.330
2020-04-21 09:34:18,743982,743990,2020-04-21 09:34:18.026
2020-04-21 09:34:19,743982,743989,2020-04-21 09:34:19.069
2020-04-21 09:34:20,743982,744011,2020-04-21 09:34:20.112
2020-04-21 09:34:21,743982,744011,2020-04-21 09:34:21.119
2020-04-21 09:34:22,743736,744022,2020-04-21 09:34:22.464
2020-04-21 09:34:23,743845,743987,2020-04-21 09:34:23.526
2020-04-21 09:34:24,743845,743987,2020-04-21 09:34:24.844
2020-04-21 09:34:26,743845,743971,2020-04-21 09:34:26.085
2020-04-21 09:34:27,743845,743971,2020-04-21 09:34:27.282
2020-04-21 09:34:28,743861,743957,2020-04-21 09:34:28.295
2020-04-21 09:34:29,743690,743957,2020-04-21 09:34:29.317
2020-04-21 09:34:30,743710,743946,2020-04-21 09:34:30.471
2020-04-21 09:34:31,743711,743946,2020-04-21 09:34:31.582
2020-04-21 09:34:32,743711,743817,2020-04-21 09:34:32.600
2020-04-21 09:34:33,743658,743705,2020-04-21 09:34:33.695
2020-04-21 09:34:34,743658,743705,2020-04-21 09:34:34.711
2020-04-21 09:34:35,743658,743690,2020-04-21 09:34:35.778
2020-04-21 09:34:36,743695,743704,2020-04-21 09:34:36.828
2020-04-21 09:34:38,743695,743701,2020-04-21 09:34:38.009
2020-04-21 09:34:39,743706,743707,2020-04-21 09:34:39.119
2020-04-21 09:34:40,743712,743706,2020-04-21 09:34:40.128
2020-04-21 09:34:41,743712,743706,2020-04-21 09:34:41.166
2020-04-21 09:34:42,743712,743706,2020-04-21 09:34:42.209
2020-04-21 09:34:43,743712,743703,2020-04-21 09:34:43.255
2020-04-21 09:34:44,743712,743703,2020-04-21 09:34:44.316
2020-04-21 09:34:45,743712,743703,2020-04-21 09:34:45.348
2020-04-21 09:34:46,743658,743672,2020-04-21 09:34:46.432
2020-04-21 09:34:47,743658,743672,2020-04-21 09:34:47.454
2020-04-21 09:34:48,743485,743640,2020-04-21 09:34:48.467
2020-04-21 09:34:49,743485,743547,2020-04-21 09:34:49.475
2020-04-21 09:34:50,743400,743476,2020-04-21 09:34:50.507
2020-04-21 09:34:51,743414,743476,2020-04-21 09:34:51.544
2020-04-21 09:34:52,743215,743481,2020-04-21 09:34:52.582
2020-04-21 09:34:53,743498,743617,2020-04-21 09:34:53.594
2020-04-21 09:34:54,743503,743504,2020-04-21 09:34:54.719
2020-04-21 09:34:55,743503,743504,2020-04-21 09:34:55.775
2020-04-21 09:34:56,743503,743504,2020-04-21 09:34:56.877
2020-04-21 09:34:57,743503,743504,2020-04-21 09:34:57.946
2020-04-21 09:34:59,743503,743504,2020-04-21 09:34:58.969
2020-04-21 09:35:00,743503,743495,2020-04-21 09:35:00.028
2020-04-21 09:35:01,743503,743494,2020-04-21 09:35:01.045
2020-04-21 09:35:02,743503,743494,2020-04-21 09:35:02.091
2020-04-21 09:35:03,743381,743494,2020-04-21 09:35:03.121
2020-04-21 09:35:04,743381,743448,2020-04-21 09:35:04.343
2020-04-21 09:35:05,743381,743448,2020-04-21 09:35:05.353
2020-04-21 09:35:06,743381,743448,2020-04-21 09:35:06.373
2020-04-21 09:35:07,743381,743448,2020-04-21 09:35:07.537
2020-04-21 09:35:08,743381,743448,2020-04-21 09:35:08.693
2020-04-21 09:35:09,743381,743362,2020-04-21 09:35:09.864
2020-04-21 09:35:10,743381,743362,2020-04-21 09:35:10.903
2020-04-21 09:35:11,743381,743362,2020-04-21 09:35:11.983
2020-04-21 09:35:13,743381,743362,2020-04-21 09:35:13.012
2020-04-21 09:35:14,743381,743362,2020-04-21 09:35:14.040
2020-04-21 09:35:15,743381,743362,2020-04-21 09:35:15.063
2020-04-21 09:35:16,743381,743362,2020-04-21 09:35:16.095
2020-04-21 09:35:17,743381,743362,2020-04-21 09:35:17.133
2020-04-21 09:35:18,743381,743350,2020-04-21 09:35:18.318
2020-04-21 09:35:19,743381,743465,2020-04-21 09:35:19.341
2020-04-21 09:35:20,743498,743514,2020-04-21 09:35:20.477
2020-04-21 09:35:21,743508,743514,2020-04-21 09:35:21.594
2020-04-21 09:35:22,743508,743514,2020-04-21 09:35:22.630
2020-04-21 09:35:23,743508,743514,2020-04-21 09:35:23.658
2020-04-21 09:35:24,743508,743514,2020-04-21 09:35:24.749
2020-04-21 09:35:25,743509,743514,2020-04-21 09:35:25.766
2020-04-21 09:35:27,743509,743617,2020-04-21 09:35:27.015
2020-04-21 09:35:28,743509,743612,2020-04-21 09:35:28.040
2020-04-21 09:35:29,743509,743612,2020-04-21 09:35:29.063
2020-04-21 09:35:30,743717,744000,2020-04-21 09:35:30.081
2020-04-21 09:35:31,743746,743850,2020-04-21 09:35:31.268
2020-04-21 09:35:32,743846,743850,2020-04-21 09:35:32.294
2020-04-21 09:35:33,743846,743915,2020-04-21 09:35:33.307
2020-04-21 09:35:34,743855,743915,2020-04-21 09:35:34.350
2020-04-21 09:35:35,743903,743915,2020-04-21 09:35:35.364
2020-04-21 09:35:36,743903,744000,2020-04-21 09:35:36.545
2020-04-21 09:35:37,743908,743912,2020-04-21 09:35:37.555
2020-04-21 09:35:38,743926,744133,2020-04-21 09:35:38.575
2020-04-21 09:35:39,743989,744132,2020-04-21 09:35:39.672
2020-04-21 09:35:40,744004,744132,2020-04-21 09:35:40.801
2020-04-21 09:35:41,743949,743999,2020-04-21 09:35:41.844
2020-04-21 09:35:42,743848,743954,2020-04-21 09:35:42.878
2020-04-21 09:35:44,743848,743926,2020-04-21 09:35:44.193
2020-04-21 09:35:45,743848,743843,2020-04-21 09:35:45.611
2020-04-21 09:35:46,743808,743876,2020-04-21 09:35:46.634
2020-04-21 09:35:47,743707,743803,2020-04-21 09:35:47.979
2020-04-21 09:35:49,743713,743803,2020-04-21 09:35:49.011
2020-04-21 09:35:50,743723,743803,2020-04-21 09:35:50.039
2020-04-21 09:35:51,743726,743769,2020-04-21 09:35:51.052
2020-04-21 09:35:52,743713,743721,2020-04-21 09:35:52.161
2020-04-21 09:35:53,743713,743719,2020-04-21 09:35:53.196
2020-04-21 09:35:54,743713,743719,2020-04-21 09:35:54.221
2020-04-21 09:35:55,743713,743719,2020-04-21 09:35:55.280
2020-04-21 09:35:56,743713,743719,2020-04-21 09:35:56.917
2020-04-21 09:35:58,743650,743680,2020-04-21 09:35:58.035
2020-04-21 09:35:59,743650,743719,2020-04-21 09:35:59.101
2020-04-21 09:36:00,743650,743719,2020-04-21 09:36:00.156
2020-04-21 09:36:01,743650,743719,2020-04-21 09:36:01.224
2020-04-21 09:36:02,743650,743719,2020-04-21 09:36:02.271
2020-04-21 09:36:03,743650,743719,2020-04-21 09:36:03.319
2020-04-21 09:36:04,743678,743719,2020-04-21 09:36:04.843
2020-04-21 09:36:05,743680,743719,2020-04-21 09:36:05.854
2020-04-21 09:36:06,743680,743719,2020-04-21 09:36:06.875
2020-04-21 09:36:07,743680,743719,2020-04-21 09:36:07.929
2020-04-21 09:36:09,743680,743754,2020-04-21 09:36:09.147
2020-04-21 09:36:10,743710,743754,2020-04-21 09:36:10.213
2020-04-21 09:36:11,743710,743754,2020-04-21 09:36:11.260
2020-04-21 09:36:12,743710,743754,2020-04-21 09:36:12.326
2020-04-21 09:36:13,743710,743754,2020-04-21 09:36:13.945
2020-04-21 09:36:14,743710,743754,2020-04-21 09:36:14.980
2020-04-21 09:36:15,743710,743754,2020-04-21 09:36:15.994
2020-04-21 09:36:17,743741,743963,2020-04-21 09:36:17.005
2020-04-21 09:36:18,743971,744105,2020-04-21 09:36:18.013
2020-04-21 09:36:19,743972,744163,2020-04-21 09:36:19.045
2020-04-21 09:36:20,743972,744090,2020-04-21 09:36:20.060
2020-04-21 09:36:21,743972,744090,2020-04-21 09:36:21.088
2020-04-21 09:36:22,744033,744083,2020-04-21 09:36:22.111
2020-04-21 09:36:23,744033,744083,2020-04-21 09:36:23.282
2020-04-21 09:36:24,744033,744083,2020-04-21 09:36:24.350
2020-04-21 09:36:25,744033,744083,2020-04-21 09:36:25.384
2020-04-21 09:36:26,744033,744243,2020-04-21 09:36:26.459
2020-04-21 09:36:27,744033,744243,2020-04-21 09:36:27.472
2020-04-21 09:36:28,744319,744340,2020-04-21 09:36:28.549
2020-04-21 09:36:29,744319,744340,2020-04-21 09:36:29.620
2020-04-21 09:36:30,744337,744560,2020-04-21 09:36:30.656
2020-04-21 09:36:32,744374,744511,2020-04-21 09:36:32.031
2020-04-21 09:36:33,744374,744507,2020-04-21 09:36:33.070
2020-04-21 09:36:34,744374,744507,2020-04-21 09:36:34.328
2020-04-21 09:36:35,744443,744507,2020-04-21 09:36:35.382
2020-04-21 09:36:36,744384,744499,2020-04-21 09:36:36.470
2020-04-21 09:36:37,744384,744402,2020-04-21 09:36:37.719
2020-04-21 09:36:38,744384,744402,2020-04-21 09:36:38.789
2020-04-21 09:36:39,744384,744402,2020-04-21 09:36:39.810
2020-04-21 09:36:41,744384,744418,2020-04-21 09:36:41.116
2020-04-21 09:36:42,744384,744418,2020-04-21 09:36:42.163
2020-04-21 09:36:43,744384,744418,2020-04-21 09:36:43.181
2020-04-21 09:36:44,744384,744418,2020-04-21 09:36:44.361
2020-04-21 09:36:45,744384,744418,2020-04-21 09:36:45.910
2020-04-21 09:36:46,744384,744419,2020-04-21 09:36:46.941
2020-04-21 09:36:48,744384,744408,2020-04-21 09:36:48.599
2020-04-21 09:36:49,744384,744404,2020-04-21 09:36:49.611
2020-04-21 09:36:50,744384,744404,2020-04-21 09:36:50.661
2020-04-21 09:36:51,744384,744404,2020-04-21 09:36:51.791
2020-04-21 09:36:52,744384,744397,2020-04-21 09:36:52.911
2020-04-21 09:36:54,744384,744397,2020-04-21 09:36:54.036
2020-04-21 09:36:55,744384,744408,2020-04-21 09:36:55.095
2020-04-21 09:36:56,744384,744497,2020-04-21 09:36:56.120
2020-04-21 09:36:57,744384,744396,2020-04-21 09:36:57.160
2020-04-21 09:36:58,744384,744396,2020-04-21 09:36:58.261
2020-04-21 09:36:59,744423,744497,2020-04-21 09:36:59.493
2020-04-21 09:37:00,744513,744539,2020-04-21 09:37:00.499
2020-04-21 09:37:01,744513,744535,2020-04-21 09:37:01.582
2020-04-21 09:37:02,744513,744535,2020-04-21 09:37:02.607
2020-04-21 09:37:03,744513,744529,2020-04-21 09:37:03.610
2020-04-21 09:37:04,744513,744529,2020-04-21 09:37:04.715
2020-04-21 09:37:05,744513,744529,2020-04-21 09:37:05.805
2020-04-21 09:37:06,744513,744529,2020-04-21 09:37:06.856
2020-04-21 09:37:07,744513,744529,2020-04-21 09:37:07.894
2020-04-21 09:37:09,744562,744600,2020-04-21 09:37:09.194
2020-04-21 09:37:10,744562,744601,2020-04-21 09:37:10.335
2020-04-21 09:37:11,744562,744616,2020-04-21 09:37:11.427
2020-04-21 09:37:12,744562,744616,2020-04-21 09:37:12.860
2020-04-21 09:37:14,744668,744650,2020-04-21 09:37:14.078
2020-04-21 09:37:15,744668,744650,2020-04-21 09:37:15.090
2020-04-21 09:37:16,744630,744644,2020-04-21 09:37:16.098
2020-04-21 09:37:17,744562,744599,2020-04-21 09:37:17.174
2020-04-21 09:37:18,744483,744513,2020-04-21 09:37:18.194
2020-04-21 09:37:19,744483,744513,2020-04-21 09:37:19.248
2020-04-21 09:37:20,744483,744513,2020-04-21 09:37:20.482
2020-04-21 09:37:21,744533,744513,2020-04-21 09:37:21.514
2020-04-21 09:37:22,744533,744513,2020-04-21 09:37:22.789
2020-04-21 09:37:23,744533,744513,2020-04-21 09:37:23.797
2020-04-21 09:37:24,744533,744513,2020-04-21 09:37:24.830
2020-04-21 09:37:25,744533,744513,2020-04-21 09:37:25.886
2020-04-21 09:37:26,744533,744513,2020-04-21 09:37:26.973
2020-04-21 09:37:28,744533,744709,2020-04-21 09:37:27.998
2020-04-21 09:37:29,744648,744741,2020-04-21 09:37:29.076
2020-04-21 09:37:30,744982,745001,2020-04-21 09:37:30.585
2020-04-21 09:37:31,745074,745368,2020-04-21 09:37:31.588
2020-04-21 09:37:32,745368,745651,2020-04-21 09:37:32.630
2020-04-21 09:37:33,745162,745468,2020-04-21 09:37:33.664
2020-04-21 09:37:34,745220,745422,2020-04-21 09:37:34.680
2020-04-21 09:37:35,745035,745396,2020-04-21 09:37:35.710
2020-04-21 09:37:36,745283,745376,2020-04-21 09:37:36.877
2020-04-21 09:37:37,745350,745425,2020-04-21 09:37:37.887
2020-04-21 09:37:38,745350,745425,2020-04-21 09:37:38.899
2020-04-21 09:37:39,745421,745425,2020-04-21 09:37:39.939
2020-04-21 09:37:41,745367,745326,2020-04-21 09:37:41.061
2020-04-21 09:37:42,745260,745311,2020-04-21 09:37:42.101
2020-04-21 09:37:43,745261,745311,2020-04-21 09:37:43.656
2020-04-21 09:37:44,745260,745311,2020-04-21 09:37:44.822
2020-04-21 09:37:45,745260,745311,2020-04-21 09:37:45.956
2020-04-21 09:37:46,745260,745429,2020-04-21 09:37:46.996
2020-04-21 09:37:48,745121,745391,2020-04-21 09:37:48.018
2020-04-21 09:37:49,745121,745351,2020-04-21 09:37:49.035
2020-04-21 09:37:50,745073,745327,2020-04-21 09:37:50.046
2020-04-21 09:37:51,745076,745042,2020-04-21 09:37:51.063
2020-04-21 09:37:52,745076,745224,2020-04-21 09:37:52.089
2020-04-21 09:37:53,745076,745173,2020-04-21 09:37:53.101
2020-04-21 09:37:54,745076,745088,2020-04-21 09:37:54.113
2020-04-21 09:37:55,745057,745083,2020-04-21 09:37:55.445
2020-04-21 09:37:56,745057,745083,2020-04-21 09:37:56.484
2020-04-21 09:37:57,745027,745108,2020-04-21 09:37:57.579
2020-04-21 09:37:58,745010,745107,2020-04-21 09:37:58.582
2020-04-21 09:37:59,745010,745107,2020-04-21 09:37:59.844
2020-04-21 09:38:00,745038,745108,2020-04-21 09:38:00.858
2020-04-21 09:38:01,745038,745108,2020-04-21 09:38:01.879
2020-04-21 09:38:02,745038,745108,2020-04-21 09:38:02.912
2020-04-21 09:38:03,745044,745108,2020-04-21 09:38:03.937
2020-04-21 09:38:05,745044,745108,2020-04-21 09:38:05.319
2020-04-21 09:38:06,745344,745355,2020-04-21 09:38:06.340
2020-04-21 09:38:07,745344,745355,2020-04-21 09:38:07.356
2020-04-21 09:38:08,745162,745355,2020-04-21 09:38:08.364
2020-04-21 09:38:09,745207,745355,2020-04-21 09:38:09.409
2020-04-21 09:38:10,745207,745355,2020-04-21 09:38:10.929
2020-04-21 09:38:11,745207,745355,2020-04-21 09:38:11.933
2020-04-21 09:38:13,745207,745355,2020-04-21 09:38:13.620
2020-04-21 09:38:14,745207,745355,2020-04-21 09:38:14.649
2020-04-21 09:38:15,745034,745354,2020-04-21 09:38:15.685
2020-04-21 09:38:16,745010,745030,2020-04-21 09:38:16.726
2020-04-21 09:38:18,745010,745030,2020-04-21 09:38:18.104
2020-04-21 09:38:19,745010,745030,2020-04-21 09:38:19.128
2020-04-21 09:38:20,745010,745030,2020-04-21 09:38:20.145
2020-04-21 09:38:21,745010,745030,2020-04-21 09:38:21.169
2020-04-21 09:38:22,745140,745234,2020-04-21 09:38:22.198
2020-04-21 09:38:23,745238,745355,2020-04-21 09:38:23.275
2020-04-21 09:38:24,745238,745355,2020-04-21 09:38:24.329
2020-04-21 09:38:25,745238,745352,2020-04-21 09:38:25.340
2020-04-21 09:38:26,745238,745352,2020-04-21 09:38:26.552
2020-04-21 09:38:27,745087,745068,2020-04-21 09:38:27.708
2020-04-21 09:38:28,745087,745068,2020-04-21 09:38:28.793
2020-04-21 09:38:29,745087,745068,2020-04-21 09:38:29.862
2020-04-21 09:38:30,745087,745068,2020-04-21 09:38:30.907
2020-04-21 09:38:31,745087,745068,2020-04-21 09:38:31.926
2020-04-21 09:38:32,745087,745113,2020-04-21 09:38:32.991
2020-04-21 09:38:34,745010,745107,2020-04-21 09:38:34.434
2020-04-21 09:38:35,745010,745105,2020-04-21 09:38:35.456
2020-04-21 09:38:36,745010,745101,2020-04-21 09:38:36.492
2020-04-21 09:38:37,745010,745100,2020-04-21 09:38:37.511
2020-04-21 09:38:38,745010,745099,2020-04-21 09:38:38.963
2020-04-21 09:38:40,745008,745008,2020-04-21 09:38:40.145
2020-04-21 09:38:41,745008,745006,2020-04-21 09:38:41.174
2020-04-21 09:38:42,745008,745006,2020-04-21 09:38:42.281
2020-04-21 09:38:43,745008,745006,2020-04-21 09:38:43.343
2020-04-21 09:38:44,744996,745000,2020-04-21 09:38:44.435
2020-04-21 09:38:45,745005,745006,2020-04-21 09:38:45.438
2020-04-21 09:38:46,745021,745260,2020-04-21 09:38:46.461
2020-04-21 09:38:47,745045,745260,2020-04-21 09:38:47.551
2020-04-21 09:38:48,745045,745260,2020-04-21 09:38:48.597
2020-04-21 09:38:49,745050,745260,2020-04-21 09:38:49.856
2020-04-21 09:38:50,745083,745228,2020-04-21 09:38:50.920
2020-04-21 09:38:51,745095,745228,2020-04-21 09:38:51.932
2020-04-21 09:38:53,745095,745228,2020-04-21 09:38:52.936
2020-04-21 09:38:54,745107,745228,2020-04-21 09:38:54.904
2020-04-21 09:38:55,745107,745228,2020-04-21 09:38:55.935
2020-04-21 09:38:57,745107,745260,2020-04-21 09:38:57.008
2020-04-21 09:38:58,745432,745545,2020-04-21 09:38:58.031
2020-04-21 09:38:59,745432,745985,2020-04-21 09:38:59.038
2020-04-21 09:39:00,745569,745806,2020-04-21 09:39:00.067
2020-04-21 09:39:01,745994,745989,2020-04-21 09:39:01.081
2020-04-21 09:39:02,745973,746390,2020-04-21 09:39:02.633
2020-04-21 09:39:03,745854,746004,2020-04-21 09:39:03.711
2020-04-21 09:39:04,745855,746078,2020-04-21 09:39:04.751
2020-04-21 09:39:05,745855,746225,2020-04-21 09:39:05.759
2020-04-21 09:39:09,747242,747864,2020-04-21 09:39:09.028
2020-04-21 09:39:10,747275,747568,2020-04-21 09:39:10.051
2020-04-21 09:39:11,746887,747270,2020-04-21 09:39:11.746
2020-04-21 09:39:12,746821,747093,2020-04-21 09:39:12.839
2020-04-21 09:39:13,747007,746983,2020-04-21 09:39:13.851
2020-04-21 09:39:14,747007,747111,2020-04-21 09:39:14.880
2020-04-21 09:39:15,747094,747111,2020-04-21 09:39:15.908
2020-04-21 09:39:16,747041,747057,2020-04-21 09:39:16.916
2020-04-21 09:39:17,747285,747242,2020-04-21 09:39:17.944
2020-04-21 09:39:18,747123,747242,2020-04-21 09:39:18.952
2020-04-21 09:39:19,747123,747312,2020-04-21 09:39:19.995
2020-04-21 09:39:21,747369,747417,2020-04-21 09:39:21.169
2020-04-21 09:39:22,747930,748000,2020-04-21 09:39:22.218
2020-04-21 09:39:23,747722,747711,2020-04-21 09:39:23.935
2020-04-21 09:39:24,747685,747704,2020-04-21 09:39:24.953
2020-04-21 09:39:25,747477,747704,2020-04-21 09:39:25.973
2020-04-21 09:39:27,747297,747704,2020-04-21 09:39:27.025
2020-04-21 09:39:28,747458,747464,2020-04-21 09:39:28.075
2020-04-21 09:39:29,746980,747335,2020-04-21 09:39:29.472
2020-04-21 09:39:30,747024,747283,2020-04-21 09:39:30.813
2020-04-21 09:39:31,747334,747475,2020-04-21 09:39:31.859
2020-04-21 09:39:32,747334,747475,2020-04-21 09:39:32.961
2020-04-21 09:39:34,747212,747473,2020-04-21 09:39:34.065
2020-04-21 09:39:35,746899,747182,2020-04-21 09:39:35.080
2020-04-21 09:39:36,746868,746932,2020-04-21 09:39:36.121
2020-04-21 09:39:37,747139,747203,2020-04-21 09:39:37.218
2020-04-21 09:39:38,747203,747205,2020-04-21 09:39:38.462
2020-04-21 09:39:39,746971,747203,2020-04-21 09:39:39.472
2020-04-21 09:39:40,746930,747132,2020-04-21 09:39:40.544
2020-04-21 09:39:41,746930,747203,2020-04-21 09:39:41.570
2020-04-21 09:39:42,747006,747131,2020-04-21 09:39:42.861
2020-04-21 09:39:43,747007,747131,2020-04-21 09:39:43.893
2020-04-21 09:39:44,747057,747266,2020-04-21 09:39:44.909
2020-04-21 09:39:45,747058,747264,2020-04-21 09:39:45.939
2020-04-21 09:39:47,747058,747263,2020-04-21 09:39:47.004
2020-04-21 09:39:48,747062,747256,2020-04-21 09:39:48.094
2020-04-21 09:39:49,747063,747230,2020-04-21 09:39:49.116
2020-04-21 09:39:50,747079,747206,2020-04-21 09:39:50.124
2020-04-21 09:39:51,747080,747206,2020-04-21 09:39:51.450
2020-04-21 09:39:52,747080,747202,2020-04-21 09:39:52.481
2020-04-21 09:39:53,747080,747199,2020-04-21 09:39:53.515
2020-04-21 09:39:54,747080,747198,2020-04-21 09:39:54.539
2020-04-21 09:39:55,747080,747186,2020-04-21 09:39:55.615
2020-04-21 09:39:56,747080,747186,2020-04-21 09:39:56.641
2020-04-21 09:39:57,747080,747171,2020-04-21 09:39:57.677
2020-04-21 09:39:58,747019,747171,2020-04-21 09:39:58.700
2020-04-21 09:39:59,747020,747175,2020-04-21 09:39:59.712
2020-04-21 09:40:00,747020,747175,2020-04-21 09:40:00.791
2020-04-21 09:40:01,747020,747175,2020-04-21 09:40:01.841
2020-04-21 09:40:02,747020,747174,2020-04-21 09:40:02.884
2020-04-21 09:40:04,747059,747179,2020-04-21 09:40:04.047
2020-04-21 09:40:05,747193,747275,2020-04-21 09:40:05.084
2020-04-21 09:40:06,747149,747396,2020-04-21 09:40:06.165
2020-04-21 09:40:07,747244,747395,2020-04-21 09:40:07.306
2020-04-21 09:40:08,747418,747489,2020-04-21 09:40:08.320
2020-04-21 09:40:09,747421,747489,2020-04-21 09:40:09.376
2020-04-21 09:40:10,747421,747489,2020-04-21 09:40:10.606
2020-04-21 09:40:11,747471,747489,2020-04-21 09:40:11.629
2020-04-21 09:40:12,747474,747593,2020-04-21 09:40:12.647
2020-04-21 09:40:13,747474,747593,2020-04-21 09:40:13.666
2020-04-21 09:40:14,747315,747546,2020-04-21 09:40:14.691
2020-04-21 09:40:15,747099,747421,2020-04-21 09:40:15.765
2020-04-21 09:40:17,747099,747386,2020-04-21 09:40:17.016
2020-04-21 09:40:18,747185,747265,2020-04-21 09:40:18.032
2020-04-21 09:40:19,747102,747090,2020-04-21 09:40:19.232
2020-04-21 09:40:20,746934,747227,2020-04-21 09:40:20.253
2020-04-21 09:40:21,747102,747223,2020-04-21 09:40:21.262
2020-04-21 09:40:22,747102,747211,2020-04-21 09:40:22.399
2020-04-21 09:40:23,747211,747279,2020-04-21 09:40:23.839
2020-04-21 09:40:24,747211,747341,2020-04-21 09:40:24.877
2020-04-21 09:40:25,747211,747311,2020-04-21 09:40:25.963
2020-04-21 09:40:26,747211,747311,2020-04-21 09:40:26.996
2020-04-21 09:40:28,747133,747311,2020-04-21 09:40:28.143
2020-04-21 09:40:29,747133,747255,2020-04-21 09:40:29.216
2020-04-21 09:40:30,747151,747209,2020-04-21 09:40:30.321
2020-04-21 09:40:31,747159,747209,2020-04-21 09:40:31.339
2020-04-21 09:40:32,747159,747209,2020-04-21 09:40:32.445
2020-04-21 09:40:33,747172,747208,2020-04-21 09:40:33.463
2020-04-21 09:40:34,747177,747208,2020-04-21 09:40:34.497
2020-04-21 09:40:35,747177,747208,2020-04-21 09:40:35.646
2020-04-21 09:40:36,747177,747209,2020-04-21 09:40:36.665
2020-04-21 09:40:37,746867,746953,2020-04-21 09:40:37.766
2020-04-21 09:40:38,746873,746953,2020-04-21 09:40:38.958
2020-04-21 09:40:39,746907,747019,2020-04-21 09:40:39.984
2020-04-21 09:40:41,746912,747019,2020-04-21 09:40:41.044
2020-04-21 09:40:42,746932,747019,2020-04-21 09:40:42.173
2020-04-21 09:40:43,747130,747130,2020-04-21 09:40:43.245
2020-04-21 09:40:44,747130,747278,2020-04-21 09:40:44.257
2020-04-21 09:40:45,747130,747277,2020-04-21 09:40:45.318
2020-04-21 09:40:46,747130,747277,2020-04-21 09:40:46.485
2020-04-21 09:40:47,747130,747277,2020-04-21 09:40:47.658
2020-04-21 09:40:48,747006,747277,2020-04-21 09:40:48.684
2020-04-21 09:40:49,747039,747201,2020-04-21 09:40:49.776
2020-04-21 09:40:50,747056,747200,2020-04-21 09:40:50.811
2020-04-21 09:40:51,747056,747200,2020-04-21 09:40:51.838
2020-04-21 09:40:52,747056,747200,2020-04-21 09:40:52.902
2020-04-21 09:40:54,747074,747200,2020-04-21 09:40:54.565
2020-04-21 09:40:55,747074,747200,2020-04-21 09:40:55.655
2020-04-21 09:40:56,747056,747200,2020-04-21 09:40:56.689
2020-04-21 09:40:57,747035,747244,2020-04-21 09:40:57.698
2020-04-21 09:40:58,747035,747244,2020-04-21 09:40:58.705
2020-04-21 09:40:59,746727,746975,2020-04-21 09:40:59.726
2020-04-21 09:41:01,746677,746819,2020-04-21 09:41:01.050
2020-04-21 09:41:02,746711,746820,2020-04-21 09:41:02.081
2020-04-21 09:41:03,746711,746820,2020-04-21 09:41:03.101
2020-04-21 09:41:04,746680,746807,2020-04-21 09:41:04.240
2020-04-21 09:41:05,746497,746658,2020-04-21 09:41:05.277
2020-04-21 09:41:06,746461,746635,2020-04-21 09:41:06.419
2020-04-21 09:41:07,746461,746635,2020-04-21 09:41:07.498
2020-04-21 09:41:08,746683,746729,2020-04-21 09:41:08.513
2020-04-21 09:41:09,746683,746619,2020-04-21 09:41:09.744
2020-04-21 09:41:10,746752,746759,2020-04-21 09:41:10.777
2020-04-21 09:41:12,746752,746758,2020-04-21 09:41:12.374
2020-04-21 09:41:13,746752,746758,2020-04-21 09:41:13.388
2020-04-21 09:41:14,746752,746732,2020-04-21 09:41:14.451
2020-04-21 09:41:15,746752,746732,2020-04-21 09:41:15.492
2020-04-21 09:41:16,746752,746732,2020-04-21 09:41:16.518
2020-04-21 09:41:17,746385,746700,2020-04-21 09:41:17.599
2020-04-21 09:41:18,746390,746700,2020-04-21 09:41:18.714
2020-04-21 09:41:19,746402,746443,2020-04-21 09:41:19.729
2020-04-21 09:41:20,746327,746443,2020-04-21 09:41:20.856
2020-04-21 09:41:22,746327,746443,2020-04-21 09:41:22.012
2020-04-21 09:41:23,746327,746443,2020-04-21 09:41:23.036
2020-04-21 09:41:24,746327,746283,2020-04-21 09:41:24.089
2020-04-21 09:41:25,746327,746283,2020-04-21 09:41:25.349
2020-04-21 09:41:26,746327,746283,2020-04-21 09:41:26.401
2020-04-21 09:41:27,746327,746432,2020-04-21 09:41:27.737
2020-04-21 09:41:28,746327,746546,2020-04-21 09:41:28.884
2020-04-21 09:41:29,746535,746578,2020-04-21 09:41:29.925
2020-04-21 09:41:30,746535,746578,2020-04-21 09:41:30.942
2020-04-21 09:41:32,746586,746578,2020-04-21 09:41:32.313
2020-04-21 09:41:33,746493,746633,2020-04-21 09:41:33.315
2020-04-21 09:41:34,746587,746545,2020-04-21 09:41:34.392
2020-04-21 09:41:35,746587,746545,2020-04-21 09:41:35.479
2020-04-21 09:41:36,746609,746545,2020-04-21 09:41:36.498
2020-04-21 09:41:37,746610,746545,2020-04-21 09:41:37.566
2020-04-21 09:41:38,746609,746545,2020-04-21 09:41:38.642
2020-04-21 09:41:39,746609,746545,2020-04-21 09:41:39.835
2020-04-21 09:41:40,746609,746545,2020-04-21 09:41:40.930
2020-04-21 09:41:41,746609,746545,2020-04-21 09:41:41.976
2020-04-21 09:41:43,746609,746545,2020-04-21 09:41:43.071
2020-04-21 09:41:44,746567,746545,2020-04-21 09:41:44.084
2020-04-21 09:41:45,746471,746545,2020-04-21 09:41:45.124
2020-04-21 09:41:46,746529,746545,2020-04-21 09:41:46.382
2020-04-21 09:41:47,746529,746726,2020-04-21 09:41:47.485
2020-04-21 09:41:48,746530,746715,2020-04-21 09:41:48.691
2020-04-21 09:41:49,746530,746715,2020-04-21 09:41:49.769
2020-04-21 09:41:50,746533,746715,2020-04-21 09:41:50.786
2020-04-21 09:41:51,746533,746715,2020-04-21 09:41:51.884
2020-04-21 09:41:52,746533,746695,2020-04-21 09:41:52.922
2020-04-21 09:41:53,746374,746688,2020-04-21 09:41:53.970
2020-04-21 09:41:55,746525,746687,2020-04-21 09:41:54.999
2020-04-21 09:41:56,746386,746532,2020-04-21 09:41:56.020
2020-04-21 09:41:57,746413,746532,2020-04-21 09:41:57.046
2020-04-21 09:41:58,746431,746532,2020-04-21 09:41:58.063
2020-04-21 09:41:59,746434,746532,2020-04-21 09:41:59.135
2020-04-21 09:42:00,746537,746669,2020-04-21 09:42:00.285
2020-04-21 09:42:01,746434,746669,2020-04-21 09:42:01.322
2020-04-21 09:42:02,746502,746631,2020-04-21 09:42:02.335
2020-04-21 09:42:03,746502,746617,2020-04-21 09:42:03.423
2020-04-21 09:42:04,746376,746612,2020-04-21 09:42:04.440
2020-04-21 09:42:05,746377,746389,2020-04-21 09:42:05.444
2020-04-21 09:42:06,746377,746389,2020-04-21 09:42:06.477
2020-04-21 09:42:07,746386,746407,2020-04-21 09:42:07.835
2020-04-21 09:42:09,746386,746407,2020-04-21 09:42:09.371
2020-04-21 09:42:10,746386,746407,2020-04-21 09:42:10.387
2020-04-21 09:42:11,746377,746381,2020-04-21 09:42:11.487
2020-04-21 09:42:12,746377,746381,2020-04-21 09:42:12.511
2020-04-21 09:42:13,746377,746381,2020-04-21 09:42:13.619
2020-04-21 09:42:14,746122,746381,2020-04-21 09:42:14.628
2020-04-21 09:42:15,746055,746381,2020-04-21 09:42:15.657
2020-04-21 09:42:16,746064,746327,2020-04-21 09:42:16.724
2020-04-21 09:42:17,746109,746381,2020-04-21 09:42:17.822
2020-04-21 09:42:18,746073,746294,2020-04-21 09:42:18.880
2020-04-21 09:42:19,746078,746309,2020-04-21 09:42:19.908
2020-04-21 09:42:21,746078,746282,2020-04-21 09:42:21.843
2020-04-21 09:42:22,746183,746372,2020-04-21 09:42:22.863
2020-04-21 09:42:24,746183,746372,2020-04-21 09:42:24.105
2020-04-21 09:42:25,746204,746350,2020-04-21 09:42:25.121
2020-04-21 09:42:26,746205,746350,2020-04-21 09:42:26.180
2020-04-21 09:42:27,746298,746492,2020-04-21 09:42:27.203
2020-04-21 09:42:28,746322,746539,2020-04-21 09:42:28.232
2020-04-21 09:42:29,746322,746539,2020-04-21 09:42:29.242
2020-04-21 09:42:30,746508,746534,2020-04-21 09:42:30.349
2020-04-21 09:42:31,746313,746380,2020-04-21 09:42:31.404
2020-04-21 09:42:32,746230,746236,2020-04-21 09:42:32.470
2020-04-21 09:42:33,746230,746380,2020-04-21 09:42:33.547
2020-04-21 09:42:34,746230,746335,2020-04-21 09:42:34.900
2020-04-21 09:42:35,746230,746309,2020-04-21 09:42:35.925
2020-04-21 09:42:36,746230,746309,2020-04-21 09:42:36.935
2020-04-21 09:42:37,746230,746309,2020-04-21 09:42:37.988
2020-04-21 09:42:39,746230,746309,2020-04-21 09:42:39.015
2020-04-21 09:42:40,746230,746309,2020-04-21 09:42:40.032
2020-04-21 09:42:41,746025,746309,2020-04-21 09:42:41.046
2020-04-21 09:42:42,746037,746309,2020-04-21 09:42:42.065
2020-04-21 09:42:43,746089,746309,2020-04-21 09:42:43.083
2020-04-21 09:42:44,746089,746309,2020-04-21 09:42:44.171
2020-04-21 09:42:45,746089,746104,2020-04-21 09:42:45.212
2020-04-21 09:42:46,746089,746104,2020-04-21 09:42:46.468
2020-04-21 09:42:47,746089,746104,2020-04-21 09:42:47.514
2020-04-21 09:42:48,746089,746104,2020-04-21 09:42:48.577
2020-04-21 09:42:49,746089,746104,2020-04-21 09:42:49.658
2020-04-21 09:42:50,746089,746104,2020-04-21 09:42:50.697
2020-04-21 09:42:51,746089,746104,2020-04-21 09:42:51.713
2020-04-21 09:42:52,746089,746104,2020-04-21 09:42:52.844
2020-04-21 09:42:53,745959,746019,2020-04-21 09:42:53.879
2020-04-21 09:42:54,745792,745807,2020-04-21 09:42:54.898
2020-04-21 09:42:55,745792,745807,2020-04-21 09:42:55.972
2020-04-21 09:42:57,745840,745807,2020-04-21 09:42:56.984
2020-04-21 09:42:58,745840,745807,2020-04-21 09:42:58.037
2020-04-21 09:42:59,745840,745807,2020-04-21 09:42:59.061
2020-04-21 09:43:00,745840,745807,2020-04-21 09:43:00.078
2020-04-21 09:43:01,745840,745807,2020-04-21 09:43:01.484
2020-04-21 09:43:02,745774,745807,2020-04-21 09:43:02.509
2020-04-21 09:43:03,745774,745807,2020-04-21 09:43:03.641
2020-04-21 09:43:04,745774,745807,2020-04-21 09:43:04.660
2020-04-21 09:43:05,745774,745785,2020-04-21 09:43:05.685
2020-04-21 09:43:06,745774,745785,2020-04-21 09:43:06.787
2020-04-21 09:43:07,745774,745785,2020-04-21 09:43:07.851
2020-04-21 09:43:08,745774,745785,2020-04-21 09:43:08.888
2020-04-21 09:43:09,745774,745785,2020-04-21 09:43:09.967
2020-04-21 09:43:11,745774,745878,2020-04-21 09:43:11.058
2020-04-21 09:43:12,745870,745920,2020-04-21 09:43:12.072
2020-04-21 09:43:13,745880,745981,2020-04-21 09:43:13.151
2020-04-21 09:43:14,745880,745952,2020-04-21 09:43:14.167
2020-04-21 09:43:15,745880,745928,2020-04-21 09:43:15.180
2020-04-21 09:43:16,745933,745952,2020-04-21 09:43:16.264
2020-04-21 09:43:17,746034,746043,2020-04-21 09:43:17.451
2020-04-21 09:43:18,746034,746043,2020-04-21 09:43:18.509
2020-04-21 09:43:19,746034,746110,2020-04-21 09:43:19.537
2020-04-21 09:43:20,746006,746110,2020-04-21 09:43:20.625
2020-04-21 09:43:21,746006,746110,2020-04-21 09:43:21.645
2020-04-21 09:43:22,746006,746110,2020-04-21 09:43:22.732
2020-04-21 09:43:23,746006,746110,2020-04-21 09:43:23.755
2020-04-21 09:43:24,746006,746110,2020-04-21 09:43:24.833
2020-04-21 09:43:25,746006,746110,2020-04-21 09:43:25.838
2020-04-21 09:43:26,746003,746110,2020-04-21 09:43:26.862
2020-04-21 09:43:27,746003,746110,2020-04-21 09:43:27.964
2020-04-21 09:43:29,746003,746110,2020-04-21 09:43:28.991
2020-04-21 09:43:30,746003,746110,2020-04-21 09:43:30.013
2020-04-21 09:43:31,746003,746110,2020-04-21 09:43:31.083
2020-04-21 09:43:32,746003,745996,2020-04-21 09:43:32.163
2020-04-21 09:43:33,746003,745996,2020-04-21 09:43:33.219
2020-04-21 09:43:34,746003,745996,2020-04-21 09:43:34.405
2020-04-21 09:43:35,746003,745996,2020-04-21 09:43:35.594
2020-04-21 09:43:36,746003,745996,2020-04-21 09:43:36.665
2020-04-21 09:43:37,746003,745996,2020-04-21 09:43:37.688
2020-04-21 09:43:39,746003,745996,2020-04-21 09:43:38.789
2020-04-21 09:43:40,746003,745996,2020-04-21 09:43:40.154
2020-04-21 09:43:41,746003,745996,2020-04-21 09:43:41.565
2020-04-21 09:43:42,746003,745996,2020-04-21 09:43:42.805
2020-04-21 09:43:43,746003,745996,2020-04-21 09:43:43.836
2020-04-21 09:43:44,746003,745996,2020-04-21 09:43:44.854
2020-04-21 09:43:45,746003,745996,2020-04-21 09:43:45.917
2020-04-21 09:43:46,746003,745996,2020-04-21 09:43:46.932
2020-04-21 09:43:47,746003,745996,2020-04-21 09:43:47.973
2020-04-21 09:43:48,746032,745996,2020-04-21 09:43:48.977
2020-04-21 09:43:50,746032,745996,2020-04-21 09:43:50.040
2020-04-21 09:43:51,746032,745996,2020-04-21 09:43:51.048
2020-04-21 09:43:52,746194,746318,2020-04-21 09:43:52.106
2020-04-21 09:43:53,746194,746318,2020-04-21 09:43:53.119
2020-04-21 09:43:54,746340,746319,2020-04-21 09:43:54.135
2020-04-21 09:43:55,746340,746319,2020-04-21 09:43:55.174
2020-04-21 09:43:56,746340,746319,2020-04-21 09:43:56.188
2020-04-21 09:43:57,746340,746319,2020-04-21 09:43:57.192
2020-04-21 09:43:58,746222,746319,2020-04-21 09:43:58.224
2020-04-21 09:43:59,746234,746319,2020-04-21 09:43:59.356
2020-04-21 09:44:00,746276,746319,2020-04-21 09:44:00.587
2020-04-21 09:44:01,746094,746285,2020-04-21 09:44:01.616
2020-04-21 09:44:02,746072,746214,2020-04-21 09:44:02.664
2020-04-21 09:44:03,745810,745832,2020-04-21 09:44:03.805
2020-04-21 09:44:04,745732,745832,2020-04-21 09:44:04.835
2020-04-21 09:44:05,745720,745832,2020-04-21 09:44:05.894
2020-04-21 09:44:06,745720,745832,2020-04-21 09:44:06.921
2020-04-21 09:44:08,745832,745899,2020-04-21 09:44:08.004
2020-04-21 09:44:09,745833,745899,2020-04-21 09:44:09.041
2020-04-21 09:44:10,745833,745899,2020-04-21 09:44:10.057
2020-04-21 09:44:11,745833,745891,2020-04-21 09:44:11.070
2020-04-21 09:44:12,745833,745812,2020-04-21 09:44:12.150
2020-04-21 09:44:13,745833,745802,2020-04-21 09:44:13.254
2020-04-21 09:44:14,745399,745495,2020-04-21 09:44:14.438
2020-04-21 09:44:15,745423,745495,2020-04-21 09:44:15.449
2020-04-21 09:44:16,745406,745471,2020-04-21 09:44:16.491
2020-04-21 09:44:17,745210,745313,2020-04-21 09:44:17.507
2020-04-21 09:44:18,745188,745259,2020-04-21 09:44:18.584
2020-04-21 09:44:19,745301,745400,2020-04-21 09:44:19.598
2020-04-21 09:44:20,745451,745477,2020-04-21 09:44:20.620
2020-04-21 09:44:21,745495,745639,2020-04-21 09:44:21.648
2020-04-21 09:44:22,745480,745644,2020-04-21 09:44:22.674
2020-04-21 09:44:23,745512,745643,2020-04-21 09:44:23.772
2020-04-21 09:44:25,745480,745507,2020-04-21 09:44:25.221
2020-04-21 09:44:26,745509,745547,2020-04-21 09:44:26.242
2020-04-21 09:44:27,745407,745547,2020-04-21 09:44:27.406
2020-04-21 09:44:28,745457,745547,2020-04-21 09:44:28.469
2020-04-21 09:44:29,745457,745547,2020-04-21 09:44:29.582
2020-04-21 09:44:30,745457,745547,2020-04-21 09:44:30.592
2020-04-21 09:44:31,745460,745616,2020-04-21 09:44:31.598
2020-04-21 09:44:32,745450,745445,2020-04-21 09:44:32.613
2020-04-21 09:44:33,745128,745150,2020-04-21 09:44:33.631
2020-04-21 09:44:34,744917,745150,2020-04-21 09:44:34.681
2020-04-21 09:44:35,744924,745104,2020-04-21 09:44:35.756
2020-04-21 09:44:36,744924,745013,2020-04-21 09:44:36.851
2020-04-21 09:44:37,745018,745061,2020-04-21 09:44:37.852
2020-04-21 09:44:38,745018,745024,2020-04-21 09:44:38.884
2020-04-21 09:44:40,745018,745024,2020-04-21 09:44:40.113
2020-04-21 09:44:41,745018,744986,2020-04-21 09:44:41.129
2020-04-21 09:44:42,745036,745148,2020-04-21 09:44:42.175
2020-04-21 09:44:43,745066,745148,2020-04-21 09:44:43.224
2020-04-21 09:44:44,745066,745148,2020-04-21 09:44:44.600
2020-04-21 09:44:45,745066,745150,2020-04-21 09:44:45.612
2020-04-21 09:44:46,745131,745150,2020-04-21 09:44:46.670
2020-04-21 09:44:47,745131,745150,2020-04-21 09:44:47.689
2020-04-21 09:44:48,745114,745265,2020-04-21 09:44:48.851
2020-04-21 09:44:49,744831,745040,2020-04-21 09:44:49.872
2020-04-21 09:44:50,744920,745022,2020-04-21 09:44:50.892
2020-04-21 09:44:52,744920,744990,2020-04-21 09:44:52.314
2020-04-21 09:44:53,744837,744990,2020-04-21 09:44:53.340
2020-04-21 09:44:54,744995,744942,2020-04-21 09:44:54.375
2020-04-21 09:44:55,744995,745004,2020-04-21 09:44:55.443
2020-04-21 09:44:56,744985,745004,2020-04-21 09:44:56.510
2020-04-21 09:44:57,744985,745004,2020-04-21 09:44:57.518
2020-04-21 09:44:59,744985,745004,2020-04-21 09:44:59.004
2020-04-21 09:45:00,744985,745004,2020-04-21 09:45:00.025
2020-04-21 09:45:01,744985,745004,2020-04-21 09:45:01.071
2020-04-21 09:45:02,744985,745004,2020-04-21 09:45:02.185
2020-04-21 09:45:03,744985,745004,2020-04-21 09:45:03.281
2020-04-21 09:45:04,744985,745004,2020-04-21 09:45:04.402
2020-04-21 09:45:05,745019,745004,2020-04-21 09:45:05.415
2020-04-21 09:45:06,745019,745004,2020-04-21 09:45:06.418
2020-04-21 09:45:07,745019,745004,2020-04-21 09:45:07.439
2020-04-21 09:45:08,745019,745133,2020-04-21 09:45:08.452
2020-04-21 09:45:09,745189,745190,2020-04-21 09:45:09.545
2020-04-21 09:45:10,745189,745342,2020-04-21 09:45:10.608
2020-04-21 09:45:11,745189,745337,2020-04-21 09:45:11.639
2020-04-21 09:45:12,745189,745337,2020-04-21 09:45:12.838
2020-04-21 09:45:13,745189,745343,2020-04-21 09:45:13.845
2020-04-21 09:45:14,745303,745458,2020-04-21 09:45:14.860
2020-04-21 09:45:15,745303,745440,2020-04-21 09:45:15.880
2020-04-21 09:45:16,745232,745435,2020-04-21 09:45:16.915
2020-04-21 09:45:17,745272,745435,2020-04-21 09:45:17.928
2020-04-21 09:45:18,745272,745423,2020-04-21 09:45:18.969
2020-04-21 09:45:20,745272,745422,2020-04-21 09:45:20.044
2020-04-21 09:45:21,745285,745422,2020-04-21 09:45:21.202
2020-04-21 09:45:22,745285,745422,2020-04-21 09:45:22.212
2020-04-21 09:45:23,745285,745422,2020-04-21 09:45:23.240
2020-04-21 09:45:24,745285,745422,2020-04-21 09:45:24.523
2020-04-21 09:45:25,745285,745422,2020-04-21 09:45:25.789
2020-04-21 09:45:27,745285,745422,2020-04-21 09:45:27.384
2020-04-21 09:45:28,745285,745422,2020-04-21 09:45:28.619
2020-04-21 09:45:29,745285,745422,2020-04-21 09:45:29.784
2020-04-21 09:45:30,745310,745422,2020-04-21 09:45:30.792
2020-04-21 09:45:31,745332,745422,2020-04-21 09:45:31.801
2020-04-21 09:45:32,745355,745422,2020-04-21 09:45:32.828
2020-04-21 09:45:33,745332,745422,2020-04-21 09:45:33.849
2020-04-21 09:45:34,745332,745422,2020-04-21 09:45:34.869
2020-04-21 09:45:35,745332,745422,2020-04-21 09:45:35.890
2020-04-21 09:45:36,745243,745239,2020-04-21 09:45:36.967
2020-04-21 09:45:38,745243,745239,2020-04-21 09:45:38.066
2020-04-21 09:45:39,745243,745282,2020-04-21 09:45:39.122
2020-04-21 09:45:40,745243,745282,2020-04-21 09:45:40.194
2020-04-21 09:45:41,745243,745282,2020-04-21 09:45:41.202
2020-04-21 09:45:42,745243,745282,2020-04-21 09:45:42.219
2020-04-21 09:45:43,745243,745281,2020-04-21 09:45:43.233
2020-04-21 09:45:44,745243,745281,2020-04-21 09:45:44.277
2020-04-21 09:45:45,745243,745231,2020-04-21 09:45:45.322
2020-04-21 09:45:46,745425,745435,2020-04-21 09:45:46.357
2020-04-21 09:45:47,745425,745409,2020-04-21 09:45:47.559
2020-04-21 09:45:48,745425,745398,2020-04-21 09:45:48.579
2020-04-21 09:45:49,745425,745398,2020-04-21 09:45:49.668
2020-04-21 09:45:50,745425,745398,2020-04-21 09:45:50.677
2020-04-21 09:45:51,745425,745275,2020-04-21 09:45:51.716
2020-04-21 09:45:52,745425,745270,2020-04-21 09:45:52.782
2020-04-21 09:45:54,745425,745270,2020-04-21 09:45:54.035
2020-04-21 09:45:55,745425,745398,2020-04-21 09:45:55.041
2020-04-21 09:45:56,745425,745398,2020-04-21 09:45:56.063
2020-04-21 09:45:57,745425,745398,2020-04-21 09:45:57.108
2020-04-21 09:45:58,745370,745374,2020-04-21 09:45:58.154
2020-04-21 09:45:59,745370,745374,2020-04-21 09:45:59.191
2020-04-21 09:46:00,745410,745505,2020-04-21 09:46:00.467
2020-04-21 09:46:01,745421,745505,2020-04-21 09:46:01.641
2020-04-21 09:46:02,745475,745481,2020-04-21 09:46:02.740
2020-04-21 09:46:03,745475,745481,2020-04-21 09:46:03.861
2020-04-21 09:46:04,745475,745481,2020-04-21 09:46:04.920
2020-04-21 09:46:05,745475,745481,2020-04-21 09:46:05.990
2020-04-21 09:46:07,745475,745521,2020-04-21 09:46:07.006
2020-04-21 09:46:08,745475,745521,2020-04-21 09:46:08.275
2020-04-21 09:46:09,745551,745522,2020-04-21 09:46:09.305
2020-04-21 09:46:10,745551,745522,2020-04-21 09:46:10.439
2020-04-21 09:46:11,745635,745753,2020-04-21 09:46:11.474
2020-04-21 09:46:12,745635,745753,2020-04-21 09:46:12.500
2020-04-21 09:46:13,745635,745736,2020-04-21 09:46:13.550
2020-04-21 09:46:15,745635,745736,2020-04-21 09:46:15.020
2020-04-21 09:46:16,745635,745735,2020-04-21 09:46:16.081
2020-04-21 09:46:17,745635,745735,2020-04-21 09:46:17.122
2020-04-21 09:46:18,745635,745682,2020-04-21 09:46:18.194
2020-04-21 09:46:19,745635,745751,2020-04-21 09:46:19.238
2020-04-21 09:46:20,745635,745734,2020-04-21 09:46:20.492
2020-04-21 09:46:21,745635,745734,2020-04-21 09:46:21.709
2020-04-21 09:46:22,745635,745734,2020-04-21 09:46:22.734
2020-04-21 09:46:23,745635,745734,2020-04-21 09:46:23.786
2020-04-21 09:46:24,745635,745734,2020-04-21 09:46:24.847
2020-04-21 09:46:25,745635,745734,2020-04-21 09:46:25.903
2020-04-21 09:46:26,745635,745734,2020-04-21 09:46:26.912
2020-04-21 09:46:27,745635,745734,2020-04-21 09:46:27.960
2020-04-21 09:46:29,745635,745734,2020-04-21 09:46:29.043
2020-04-21 09:46:30,745635,745659,2020-04-21 09:46:30.089
2020-04-21 09:46:31,745635,745659,2020-04-21 09:46:31.112
2020-04-21 09:46:32,745554,745550,2020-04-21 09:46:32.145
2020-04-21 09:46:33,745554,745643,2020-04-21 09:46:33.186
2020-04-21 09:46:34,745554,745643,2020-04-21 09:46:34.404
2020-04-21 09:46:35,745554,745643,2020-04-21 09:46:35.489
2020-04-21 09:46:36,745554,745625,2020-04-21 09:46:36.496
2020-04-21 09:46:37,745529,745533,2020-04-21 09:46:37.524
2020-04-21 09:46:38,745529,745533,2020-04-21 09:46:38.533
2020-04-21 09:46:39,745529,745683,2020-04-21 09:46:39.553
2020-04-21 09:46:40,745529,745683,2020-04-21 09:46:40.638
2020-04-21 09:46:41,745529,745683,2020-04-21 09:46:41.657
2020-04-21 09:46:42,745631,745683,2020-04-21 09:46:42.674
2020-04-21 09:46:43,745631,745683,2020-04-21 09:46:43.687
2020-04-21 09:46:44,745631,745626,2020-04-21 09:46:44.711
2020-04-21 09:46:45,745631,745671,2020-04-21 09:46:45.750
2020-04-21 09:46:46,745631,745644,2020-04-21 09:46:46.776
2020-04-21 09:46:47,745506,745882,2020-04-21 09:46:47.824
2020-04-21 09:46:48,745608,745811,2020-04-21 09:46:48.931
2020-04-21 09:46:50,745629,745824,2020-04-21 09:46:50.079
2020-04-21 09:46:51,745629,745824,2020-04-21 09:46:51.091
2020-04-21 09:46:52,745629,745824,2020-04-21 09:46:52.114
2020-04-21 09:46:53,745675,745829,2020-04-21 09:46:53.139
2020-04-21 09:46:54,745892,745895,2020-04-21 09:46:54.157
2020-04-21 09:46:55,745829,745898,2020-04-21 09:46:55.473
2020-04-21 09:46:56,745865,746071,2020-04-21 09:46:56.490
2020-04-21 09:46:57,746021,746185,2020-04-21 09:46:57.508
2020-04-21 09:46:58,746021,746028,2020-04-21 09:46:58.584
2020-04-21 09:46:59,745897,746132,2020-04-21 09:46:59.650
2020-04-21 09:47:00,745885,745938,2020-04-21 09:47:00.773
2020-04-21 09:47:01,745860,745883,2020-04-21 09:47:01.809
2020-04-21 09:47:02,745581,745797,2020-04-21 09:47:02.827
2020-04-21 09:47:03,745571,745774,2020-04-21 09:47:03.834
2020-04-21 09:47:04,745571,745596,2020-04-21 09:47:04.890
2020-04-21 09:47:06,745571,745596,2020-04-21 09:47:06.028
2020-04-21 09:47:07,745593,745588,2020-04-21 09:47:07.070
2020-04-21 09:47:08,745586,745623,2020-04-21 09:47:08.129
2020-04-21 09:47:09,745591,745623,2020-04-21 09:47:09.148
2020-04-21 09:47:10,745586,745586,2020-04-21 09:47:10.237
2020-04-21 09:47:11,745433,745586,2020-04-21 09:47:11.389
2020-04-21 09:47:12,745482,745572,2020-04-21 09:47:12.407
2020-04-21 09:47:13,745488,745519,2020-04-21 09:47:13.429
2020-04-21 09:47:14,745489,745519,2020-04-21 09:47:14.457
2020-04-21 09:47:15,745542,745519,2020-04-21 09:47:15.720
2020-04-21 09:47:16,745489,745534,2020-04-21 09:47:16.732
2020-04-21 09:47:17,745439,745447,2020-04-21 09:47:17.745
2020-04-21 09:47:19,745439,745463,2020-04-21 09:47:18.770
2020-04-21 09:47:20,745364,745360,2020-04-21 09:47:20.412
2020-04-21 09:47:21,745169,745423,2020-04-21 09:47:21.470
2020-04-21 09:47:22,745150,745423,2020-04-21 09:47:22.626
2020-04-21 09:47:23,745336,745620,2020-04-21 09:47:23.841
2020-04-21 09:47:24,745391,745598,2020-04-21 09:47:24.853
2020-04-21 09:47:25,745391,745598,2020-04-21 09:47:25.860
2020-04-21 09:47:26,745450,745620,2020-04-21 09:47:26.911
2020-04-21 09:47:27,745452,745620,2020-04-21 09:47:27.952
2020-04-21 09:47:28,745452,745571,2020-04-21 09:47:28.988
2020-04-21 09:47:30,745460,745571,2020-04-21 09:47:30.010
2020-04-21 09:47:31,745501,745571,2020-04-21 09:47:31.130
2020-04-21 09:47:32,745501,745571,2020-04-21 09:47:32.713
2020-04-21 09:47:33,745501,745571,2020-04-21 09:47:33.747
2020-04-21 09:47:34,745501,745571,2020-04-21 09:47:34.765
2020-04-21 09:47:35,745502,745571,2020-04-21 09:47:35.778
2020-04-21 09:47:36,745485,745571,2020-04-21 09:47:36.787
2020-04-21 09:47:37,745458,745539,2020-04-21 09:47:37.806
2020-04-21 09:47:38,745544,745571,2020-04-21 09:47:38.830
2020-04-21 09:47:39,745544,745571,2020-04-21 09:47:39.861
2020-04-21 09:47:40,745544,745571,2020-04-21 09:47:40.891
2020-04-21 09:47:41,745544,745571,2020-04-21 09:47:41.959
2020-04-21 09:47:43,745544,745571,2020-04-21 09:47:43.021
2020-04-21 09:47:44,745544,745571,2020-04-21 09:47:44.057
2020-04-21 09:47:45,745336,745571,2020-04-21 09:47:45.088
2020-04-21 09:47:46,745403,745503,2020-04-21 09:47:46.116
2020-04-21 09:47:47,745403,745503,2020-04-21 09:47:47.232
2020-04-21 09:47:48,745286,745413,2020-04-21 09:47:48.294
2020-04-21 09:47:49,745225,745413,2020-04-21 09:47:49.317
2020-04-21 09:47:50,745227,745316,2020-04-21 09:47:50.336
2020-04-21 09:47:51,745227,745316,2020-04-21 09:47:51.362
2020-04-21 09:47:52,745228,745316,2020-04-21 09:47:52.417
2020-04-21 09:47:53,745228,745316,2020-04-21 09:47:53.607
2020-04-21 09:47:54,745228,745316,2020-04-21 09:47:54.677
2020-04-21 09:47:55,745228,745347,2020-04-21 09:47:55.704
2020-04-21 09:47:56,745228,745454,2020-04-21 09:47:56.721
2020-04-21 09:47:57,745135,745261,2020-04-21 09:47:57.786
2020-04-21 09:47:58,745135,745261,2020-04-21 09:47:58.803
2020-04-21 09:47:59,745135,745261,2020-04-21 09:47:59.919
2020-04-21 09:48:01,745266,745276,2020-04-21 09:48:01.028
2020-04-21 09:48:02,745266,745394,2020-04-21 09:48:02.146
2020-04-21 09:48:03,745266,745362,2020-04-21 09:48:03.156
2020-04-21 09:48:04,745399,745453,2020-04-21 09:48:04.171
2020-04-21 09:48:05,745399,745441,2020-04-21 09:48:05.180
2020-04-21 09:48:06,745399,745441,2020-04-21 09:48:06.235
2020-04-21 09:48:07,745445,745453,2020-04-21 09:48:07.257
2020-04-21 09:48:08,745445,745453,2020-04-21 09:48:08.458
2020-04-21 09:48:09,745445,745453,2020-04-21 09:48:09.475
2020-04-21 09:48:10,745303,745348,2020-04-21 09:48:10.631
2020-04-21 09:48:11,745303,745348,2020-04-21 09:48:11.675
2020-04-21 09:48:12,745303,745431,2020-04-21 09:48:12.719
2020-04-21 09:48:13,745303,745431,2020-04-21 09:48:13.755
2020-04-21 09:48:14,745303,745431,2020-04-21 09:48:14.778
2020-04-21 09:48:16,745303,745496,2020-04-21 09:48:16.145
2020-04-21 09:48:17,745303,745448,2020-04-21 09:48:17.328
2020-04-21 09:48:18,745303,745448,2020-04-21 09:48:18.348
2020-04-21 09:48:19,745303,745497,2020-04-21 09:48:19.540
2020-04-21 09:48:20,745303,745497,2020-04-21 09:48:20.555
2020-04-21 09:48:21,745580,745793,2020-04-21 09:48:21.644
2020-04-21 09:48:22,745612,745755,2020-04-21 09:48:22.720
2020-04-21 09:48:23,745612,745750,2020-04-21 09:48:23.733
2020-04-21 09:48:24,745612,745750,2020-04-21 09:48:24.784
2020-04-21 09:48:25,745612,745750,2020-04-21 09:48:25.852
2020-04-21 09:48:27,745755,745794,2020-04-21 09:48:27.003
2020-04-21 09:48:28,745755,745794,2020-04-21 09:48:28.019
2020-04-21 09:48:29,745755,745749,2020-04-21 09:48:29.045
2020-04-21 09:48:30,745778,745781,2020-04-21 09:48:30.118
2020-04-21 09:48:31,745778,745781,2020-04-21 09:48:31.126
2020-04-21 09:48:32,745779,745810,2020-04-21 09:48:32.160
2020-04-21 09:48:33,745815,745811,2020-04-21 09:48:33.378
2020-04-21 09:48:34,745717,745811,2020-04-21 09:48:34.477
2020-04-21 09:48:35,745622,745664,2020-04-21 09:48:35.738
2020-04-21 09:48:37,745622,745664,2020-04-21 09:48:37.301
2020-04-21 09:48:38,745503,745659,2020-04-21 09:48:38.320
2020-04-21 09:48:39,745490,745620,2020-04-21 09:48:39.507
2020-04-21 09:48:40,745483,745485,2020-04-21 09:48:40.591
2020-04-21 09:48:41,745483,745485,2020-04-21 09:48:41.824
2020-04-21 09:48:42,745356,745354,2020-04-21 09:48:42.864
2020-04-21 09:48:44,745356,745354,2020-04-21 09:48:44.041
2020-04-21 09:48:45,745356,745354,2020-04-21 09:48:45.054
2020-04-21 09:48:46,745320,745354,2020-04-21 09:48:46.155
2020-04-21 09:48:47,745247,745221,2020-04-21 09:48:47.206
2020-04-21 09:48:48,745021,745172,2020-04-21 09:48:48.317
2020-04-21 09:48:49,745070,745165,2020-04-21 09:48:49.374
2020-04-21 09:48:50,745071,745165,2020-04-21 09:48:50.380
2020-04-21 09:48:51,745071,745165,2020-04-21 09:48:51.407
2020-04-21 09:48:52,745071,745160,2020-04-21 09:48:52.442
2020-04-21 09:48:53,745071,745156,2020-04-21 09:48:53.713
2020-04-21 09:48:54,745071,745156,2020-04-21 09:48:54.771
2020-04-21 09:48:55,745071,745028,2020-04-21 09:48:55.806
2020-04-21 09:48:56,745033,745170,2020-04-21 09:48:56.822
2020-04-21 09:48:57,745033,745090,2020-04-21 09:48:57.829
2020-04-21 09:48:58,745033,745090,2020-04-21 09:48:58.844
2020-04-21 09:49:00,745033,745279,2020-04-21 09:49:00.151
2020-04-21 09:49:01,745060,745203,2020-04-21 09:49:01.192
2020-04-21 09:49:02,744927,745182,2020-04-21 09:49:02.204
2020-04-21 09:49:03,744927,745042,2020-04-21 09:49:03.254
2020-04-21 09:49:04,744927,745042,2020-04-21 09:49:04.538
2020-04-21 09:49:05,744927,745042,2020-04-21 09:49:05.577
2020-04-21 09:49:06,744927,745042,2020-04-21 09:49:06.619
2020-04-21 09:49:07,745085,745075,2020-04-21 09:49:07.694
2020-04-21 09:49:09,745091,745075,2020-04-21 09:49:09.001
2020-04-21 09:49:10,745138,745135,2020-04-21 09:49:10.030
2020-04-21 09:49:11,745122,745135,2020-04-21 09:49:11.041
2020-04-21 09:49:12,745115,745135,2020-04-21 09:49:12.059
2020-04-21 09:49:13,745115,745203,2020-04-21 09:49:13.103
2020-04-21 09:49:14,745208,745214,2020-04-21 09:49:14.129
2020-04-21 09:49:15,745072,745189,2020-04-21 09:49:15.189
2020-04-21 09:49:16,744785,745189,2020-04-21 09:49:16.670
2020-04-21 09:49:17,744843,745051,2020-04-21 09:49:17.704
2020-04-21 09:49:18,745034,745051,2020-04-21 09:49:18.843
2020-04-21 09:49:20,745034,745051,2020-04-21 09:49:20.098
2020-04-21 09:49:21,745034,745051,2020-04-21 09:49:21.510
2020-04-21 09:49:22,745034,745087,2020-04-21 09:49:22.847
2020-04-21 09:49:23,745034,745085,2020-04-21 09:49:23.889
2020-04-21 09:49:24,745034,745114,2020-04-21 09:49:24.920
2020-04-21 09:49:25,745034,745114,2020-04-21 09:49:25.947
2020-04-21 09:49:27,745034,744890,2020-04-21 09:49:27.002
2020-04-21 09:49:28,745034,744890,2020-04-21 09:49:28.021
2020-04-21 09:49:29,744722,744759,2020-04-21 09:49:29.051
2020-04-21 09:49:30,744722,744759,2020-04-21 09:49:30.149
2020-04-21 09:49:31,744722,744759,2020-04-21 09:49:31.164
2020-04-21 09:49:32,744722,744759,2020-04-21 09:49:32.253
2020-04-21 09:49:33,744722,744759,2020-04-21 09:49:33.375
2020-04-21 09:49:34,744602,744646,2020-04-21 09:49:34.388
2020-04-21 09:49:35,744651,744646,2020-04-21 09:49:35.499
2020-04-21 09:49:36,744667,744675,2020-04-21 09:49:36.502
2020-04-21 09:49:37,744667,744675,2020-04-21 09:49:37.870
2020-04-21 09:49:39,744667,744669,2020-04-21 09:49:39.154
2020-04-21 09:49:40,744667,744668,2020-04-21 09:49:40.322
2020-04-21 09:49:41,744602,744669,2020-04-21 09:49:41.474
2020-04-21 09:49:42,744601,744663,2020-04-21 09:49:42.638
2020-04-21 09:49:43,744586,744659,2020-04-21 09:49:43.652
2020-04-21 09:49:44,744586,744652,2020-04-21 09:49:44.876
2020-04-21 09:49:46,744425,744619,2020-04-21 09:49:46.340
2020-04-21 09:49:47,744395,744517,2020-04-21 09:49:47.373
2020-04-21 09:49:48,744503,744504,2020-04-21 09:49:48.385
2020-04-21 09:49:49,744512,744503,2020-04-21 09:49:49.419
2020-04-21 09:49:50,744512,744501,2020-04-21 09:49:50.472
2020-04-21 09:49:51,744512,744501,2020-04-21 09:49:51.763
2020-04-21 09:49:52,744512,744491,2020-04-21 09:49:52.775
2020-04-21 09:49:53,744512,744445,2020-04-21 09:49:53.804
2020-04-21 09:49:54,744512,744445,2020-04-21 09:49:54.836
2020-04-21 09:49:55,744512,744497,2020-04-21 09:49:55.857
2020-04-21 09:49:57,744512,744500,2020-04-21 09:49:57.671
2020-04-21 09:49:58,744512,744500,2020-04-21 09:49:58.938
2020-04-21 09:49:59,744512,744412,2020-04-21 09:49:59.944
2020-04-21 09:50:01,744512,744500,2020-04-21 09:50:01.019
2020-04-21 09:50:02,744512,744492,2020-04-21 09:50:02.043
2020-04-21 09:50:03,744512,744492,2020-04-21 09:50:03.059
2020-04-21 09:50:04,744512,744492,2020-04-21 09:50:04.071
2020-04-21 09:50:05,744512,744492,2020-04-21 09:50:05.095
2020-04-21 09:50:06,744512,744492,2020-04-21 09:50:06.099
2020-04-21 09:50:07,744512,744492,2020-04-21 09:50:07.135
2020-04-21 09:50:08,744512,744491,2020-04-21 09:50:08.162
2020-04-21 09:50:09,744512,744491,2020-04-21 09:50:09.209
2020-04-21 09:50:10,744512,744491,2020-04-21 09:50:10.545
2020-04-21 09:50:11,744280,744270,2020-04-21 09:50:11.850
2020-04-21 09:50:12,744052,744235,2020-04-21 09:50:12.856
2020-04-21 09:50:13,743697,744235,2020-04-21 09:50:13.896
2020-04-21 09:50:15,744053,744213,2020-04-21 09:50:15.054
2020-04-21 09:50:16,743788,743929,2020-04-21 09:50:16.061
2020-04-21 09:50:17,743788,743928,2020-04-21 09:50:17.188
2020-04-21 09:50:18,743965,744140,2020-04-21 09:50:18.840
2020-04-21 09:50:19,744020,744064,2020-04-21 09:50:19.878
2020-04-21 09:50:20,744020,744205,2020-04-21 09:50:20.904
2020-04-21 09:50:22,744048,744205,2020-04-21 09:50:22.062
2020-04-21 09:50:23,744054,744205,2020-04-21 09:50:23.098
2020-04-21 09:50:24,744104,744205,2020-04-21 09:50:24.274
2020-04-21 09:50:25,744104,744115,2020-04-21 09:50:25.479
2020-04-21 09:50:27,744104,744115,2020-04-21 09:50:27.031
2020-04-21 09:50:28,744054,744127,2020-04-21 09:50:28.057
2020-04-21 09:50:29,744184,744131,2020-04-21 09:50:29.081
2020-04-21 09:50:30,744276,744270,2020-04-21 09:50:30.096
2020-04-21 09:50:31,744276,744262,2020-04-21 09:50:31.170
2020-04-21 09:50:32,744276,744262,2020-04-21 09:50:32.358
2020-04-21 09:50:33,744276,744331,2020-04-21 09:50:33.371
2020-04-21 09:50:34,744213,744336,2020-04-21 09:50:34.482
2020-04-21 09:50:35,744231,744347,2020-04-21 09:50:35.519
2020-04-21 09:50:36,744236,744396,2020-04-21 09:50:36.533
2020-04-21 09:50:37,744237,744396,2020-04-21 09:50:37.620
2020-04-21 09:50:39,744260,744396,2020-04-21 09:50:39.104
2020-04-21 09:50:40,744265,744394,2020-04-21 09:50:40.250
2020-04-21 09:50:41,744284,744394,2020-04-21 09:50:41.280
2020-04-21 09:50:42,744108,744394,2020-04-21 09:50:42.324
2020-04-21 09:50:43,744114,744366,2020-04-21 09:50:43.341
2020-04-21 09:50:44,744117,744366,2020-04-21 09:50:44.369
2020-04-21 09:50:45,744179,744343,2020-04-21 09:50:45.529
2020-04-21 09:50:46,744179,744343,2020-04-21 09:50:46.862
2020-04-21 09:50:47,744224,744343,2020-04-21 09:50:47.880
2020-04-21 09:50:49,744224,744321,2020-04-21 09:50:49.023
2020-04-21 09:50:50,744203,744321,2020-04-21 09:50:50.232
2020-04-21 09:50:51,744239,744310,2020-04-21 09:50:51.248
2020-04-21 09:50:52,744239,744310,2020-04-21 09:50:52.287
2020-04-21 09:50:53,744225,744310,2020-04-21 09:50:53.345
2020-04-21 09:50:54,744225,744397,2020-04-21 09:50:54.487
2020-04-21 09:50:55,744225,744395,2020-04-21 09:50:55.541
2020-04-21 09:50:56,744225,744395,2020-04-21 09:50:56.557
2020-04-21 09:50:57,744225,744395,2020-04-21 09:50:57.562
2020-04-21 09:50:58,744225,744395,2020-04-21 09:50:58.654
2020-04-21 09:50:59,744225,744395,2020-04-21 09:50:59.698
2020-04-21 09:51:00,744225,744395,2020-04-21 09:51:00.723
2020-04-21 09:51:01,744225,744395,2020-04-21 09:51:01.774
2020-04-21 09:51:02,744225,744395,2020-04-21 09:51:02.791
2020-04-21 09:51:03,744225,744395,2020-04-21 09:51:03.933
2020-04-21 09:51:05,744230,744395,2020-04-21 09:51:05.021
2020-04-21 09:51:06,744230,744395,2020-04-21 09:51:06.120
2020-04-21 09:51:07,744230,744395,2020-04-21 09:51:07.133
2020-04-21 09:51:08,744230,744498,2020-04-21 09:51:08.160
2020-04-21 09:51:09,744265,744493,2020-04-21 09:51:09.260
2020-04-21 09:51:10,744313,744493,2020-04-21 09:51:10.292
2020-04-21 09:51:11,744313,744493,2020-04-21 09:51:11.323
2020-04-21 09:51:12,744332,744493,2020-04-21 09:51:12.370
2020-04-21 09:51:13,744332,744587,2020-04-21 09:51:13.416
2020-04-21 09:51:14,744340,744573,2020-04-21 09:51:14.787
2020-04-21 09:51:15,744340,744573,2020-04-21 09:51:15.947
2020-04-21 09:51:17,744340,744562,2020-04-21 09:51:17.025
2020-04-21 09:51:18,744363,744561,2020-04-21 09:51:18.082
2020-04-21 09:51:19,744363,744557,2020-04-21 09:51:19.098
2020-04-21 09:51:20,744363,744553,2020-04-21 09:51:20.162
2020-04-21 09:51:21,744154,744166,2020-04-21 09:51:21.170
2020-04-21 09:51:22,744141,744166,2020-04-21 09:51:22.189
2020-04-21 09:51:23,744141,744166,2020-04-21 09:51:23.210
2020-04-21 09:51:24,744141,744166,2020-04-21 09:51:24.231
2020-04-21 09:51:25,744155,744166,2020-04-21 09:51:25.261
2020-04-21 09:51:26,744155,744166,2020-04-21 09:51:26.281
2020-04-21 09:51:27,744155,744166,2020-04-21 09:51:27.297
2020-04-21 09:51:28,744155,744166,2020-04-21 09:51:28.312
2020-04-21 09:51:29,744155,744166,2020-04-21 09:51:29.786
2020-04-21 09:51:31,743977,744166,2020-04-21 09:51:31.037
2020-04-21 09:51:32,744004,744166,2020-04-21 09:51:32.141
2020-04-21 09:51:33,744022,744278,2020-04-21 09:51:33.160
2020-04-21 09:51:34,744022,744273,2020-04-21 09:51:34.198
2020-04-21 09:51:35,744048,744270,2020-04-21 09:51:35.319
2020-04-21 09:51:36,744330,744326,2020-04-21 09:51:36.858
2020-04-21 09:51:37,744330,744326,2020-04-21 09:51:37.938
2020-04-21 09:51:38,744330,744326,2020-04-21 09:51:38.945
2020-04-21 09:51:39,744330,744363,2020-04-21 09:51:39.968
2020-04-21 09:51:40,744330,744486,2020-04-21 09:51:40.997
2020-04-21 09:51:42,744330,744481,2020-04-21 09:51:42.006
2020-04-21 09:51:43,744330,744481,2020-04-21 09:51:43.076
2020-04-21 09:51:44,744330,744468,2020-04-21 09:51:44.192
2020-04-21 09:51:45,744330,744468,2020-04-21 09:51:45.576
2020-04-21 09:51:46,744110,744445,2020-04-21 09:51:46.605
2020-04-21 09:51:47,744161,744445,2020-04-21 09:51:47.649
2020-04-21 09:51:48,744161,744445,2020-04-21 09:51:48.882
2020-04-21 09:51:49,744161,744468,2020-04-21 09:51:49.912
2020-04-21 09:51:50,744239,744320,2020-04-21 09:51:50.934
2020-04-21 09:51:52,744248,744320,2020-04-21 09:51:52.270
2020-04-21 09:51:53,744126,744432,2020-04-21 09:51:53.282
2020-04-21 09:51:54,744155,744432,2020-04-21 09:51:54.411
2020-04-21 09:51:55,744179,744482,2020-04-21 09:51:55.836
2020-04-21 09:51:56,744184,744446,2020-04-21 09:51:56.857
2020-04-21 09:51:57,744230,744444,2020-04-21 09:51:57.933
2020-04-21 09:51:58,744243,744452,2020-04-21 09:51:58.959
2020-04-21 09:51:59,744290,744470,2020-04-21 09:51:59.977
2020-04-21 09:52:01,744244,744470,2020-04-21 09:52:01.068
2020-04-21 09:52:02,744490,744470,2020-04-21 09:52:02.146
2020-04-21 09:52:03,744490,744481,2020-04-21 09:52:03.299
2020-04-21 09:52:04,744264,744457,2020-04-21 09:52:04.350
2020-04-21 09:52:05,744264,744436,2020-04-21 09:52:05.560
2020-04-21 09:52:06,744244,744411,2020-04-21 09:52:06.785
2020-04-21 09:52:07,744244,744384,2020-04-21 09:52:07.814
2020-04-21 09:52:08,744244,744367,2020-04-21 09:52:08.841
2020-04-21 09:52:10,744244,744367,2020-04-21 09:52:10.588
2020-04-21 09:52:11,744244,744352,2020-04-21 09:52:11.646
2020-04-21 09:52:12,744244,744352,2020-04-21 09:52:12.707
2020-04-21 09:52:13,744244,744352,2020-04-21 09:52:13.738
2020-04-21 09:52:14,744192,744352,2020-04-21 09:52:14.756
2020-04-21 09:52:15,744207,744352,2020-04-21 09:52:15.785
2020-04-21 09:52:16,744207,744352,2020-04-21 09:52:16.832
2020-04-21 09:52:18,744207,744352,2020-04-21 09:52:18.449
2020-04-21 09:52:19,744265,744423,2020-04-21 09:52:19.466
2020-04-21 09:52:20,744223,744423,2020-04-21 09:52:20.716
2020-04-21 09:52:21,744253,744423,2020-04-21 09:52:21.751
2020-04-21 09:52:22,744253,744423,2020-04-21 09:52:22.805
2020-04-21 09:52:23,744253,744423,2020-04-21 09:52:23.988
2020-04-21 09:52:25,744290,744423,2020-04-21 09:52:25.236
2020-04-21 09:52:26,744290,744423,2020-04-21 09:52:26.517
2020-04-21 09:52:27,744290,744423,2020-04-21 09:52:27.541
2020-04-21 09:52:28,744290,744575,2020-04-21 09:52:28.555
2020-04-21 09:52:29,744515,744492,2020-04-21 09:52:29.670
2020-04-21 09:52:30,744327,744492,2020-04-21 09:52:30.848
2020-04-21 09:52:32,744384,744507,2020-04-21 09:52:32.246
2020-04-21 09:52:33,744384,744507,2020-04-21 09:52:33.308
2020-04-21 09:52:34,744384,744507,2020-04-21 09:52:34.430
2020-04-21 09:52:35,744384,744507,2020-04-21 09:52:35.455
2020-04-21 09:52:36,744384,744594,2020-04-21 09:52:36.679
2020-04-21 09:52:38,744409,744593,2020-04-21 09:52:38.030
2020-04-21 09:52:39,744409,744474,2020-04-21 09:52:39.326
2020-04-21 09:52:40,744409,744474,2020-04-21 09:52:40.334
2020-04-21 09:52:41,744469,744602,2020-04-21 09:52:41.938
2020-04-21 09:52:42,744469,744594,2020-04-21 09:52:42.965
2020-04-21 09:52:44,744372,744594,2020-04-21 09:52:44.016
2020-04-21 09:52:45,744372,744565,2020-04-21 09:52:45.054
2020-04-21 09:52:46,744372,744565,2020-04-21 09:52:46.168
2020-04-21 09:52:48,744372,744565,2020-04-21 09:52:48.032
2020-04-21 09:52:49,744372,744576,2020-04-21 09:52:49.055
2020-04-21 09:52:50,744373,744576,2020-04-21 09:52:50.113
2020-04-21 09:52:51,744373,744783,2020-04-21 09:52:51.158
2020-04-21 09:52:52,744373,744892,2020-04-21 09:52:52.958
2020-04-21 09:52:54,744686,744781,2020-04-21 09:52:54.228
2020-04-21 09:52:55,744702,744781,2020-04-21 09:52:55.559
2020-04-21 09:52:56,744758,744932,2020-04-21 09:52:56.591
2020-04-21 09:52:57,744760,744957,2020-04-21 09:52:57.633
2020-04-21 09:52:58,744772,744957,2020-04-21 09:52:58.635
2020-04-21 09:52:59,744775,744927,2020-04-21 09:52:59.681
2020-04-21 09:53:00,744902,744957,2020-04-21 09:53:00.787
2020-04-21 09:53:02,744908,744957,2020-04-21 09:53:02.071
2020-04-21 09:53:03,744908,744956,2020-04-21 09:53:03.107
2020-04-21 09:53:04,744908,744956,2020-04-21 09:53:04.307
2020-04-21 09:53:05,744908,744956,2020-04-21 09:53:05.511
2020-04-21 09:53:06,744908,744956,2020-04-21 09:53:06.589
2020-04-21 09:53:07,744965,744956,2020-04-21 09:53:07.687
2020-04-21 09:53:08,744913,744956,2020-04-21 09:53:08.770
2020-04-21 09:53:09,744913,744956,2020-04-21 09:53:09.814
2020-04-21 09:53:10,744913,744956,2020-04-21 09:53:10.886
2020-04-21 09:53:12,744913,744956,2020-04-21 09:53:12.283
2020-04-21 09:53:13,744913,745001,2020-04-21 09:53:13.514
2020-04-21 09:53:14,744913,745001,2020-04-21 09:53:14.532
2020-04-21 09:53:16,744913,745000,2020-04-21 09:53:15.992
2020-04-21 09:53:17,744800,744849,2020-04-21 09:53:17.097
2020-04-21 09:53:18,744763,744841,2020-04-21 09:53:18.125
2020-04-21 09:53:19,744774,744841,2020-04-21 09:53:19.208
2020-04-21 09:53:20,744774,744841,2020-04-21 09:53:20.265
2020-04-21 09:53:21,744703,744769,2020-04-21 09:53:21.957
2020-04-21 09:53:23,744627,744680,2020-04-21 09:53:23.101
2020-04-21 09:53:24,744559,744622,2020-04-21 09:53:24.139
2020-04-21 09:53:25,744504,744622,2020-04-21 09:53:25.333
2020-04-21 09:53:26,744504,744622,2020-04-21 09:53:26.350
2020-04-21 09:53:27,744504,744647,2020-04-21 09:53:27.389
2020-04-21 09:53:28,744504,744647,2020-04-21 09:53:28.868
2020-04-21 09:53:29,744504,744584,2020-04-21 09:53:29.880
2020-04-21 09:53:30,744504,744561,2020-04-21 09:53:30.953
2020-04-21 09:53:32,744504,744561,2020-04-21 09:53:32.842
2020-04-21 09:53:34,744507,744545,2020-04-21 09:53:34.030
2020-04-21 09:53:35,744493,744496,2020-04-21 09:53:35.984
2020-04-21 09:53:37,744493,744496,2020-04-21 09:53:37.115
2020-04-21 09:53:38,744493,744496,2020-04-21 09:53:38.187
2020-04-21 09:53:39,744493,744496,2020-04-21 09:53:39.199
2020-04-21 09:53:40,744493,744545,2020-04-21 09:53:40.355
2020-04-21 09:53:41,744493,744545,2020-04-21 09:53:41.387
2020-04-21 09:53:43,744493,744545,2020-04-21 09:53:43.084
2020-04-21 09:53:44,744493,744545,2020-04-21 09:53:44.165
2020-04-21 09:53:45,744493,744545,2020-04-21 09:53:45.281
2020-04-21 09:53:47,744455,744456,2020-04-21 09:53:47.552
2020-04-21 09:53:48,744455,744651,2020-04-21 09:53:48.620
2020-04-21 09:53:49,744485,744629,2020-04-21 09:53:49.646
2020-04-21 09:53:50,744485,744608,2020-04-21 09:53:50.659
2020-04-21 09:53:51,744648,744713,2020-04-21 09:53:51.887
2020-04-21 09:53:53,744740,744925,2020-04-21 09:53:53.529
2020-04-21 09:53:54,744740,744925,2020-04-21 09:53:54.548
2020-04-21 09:53:55,744811,745059,2020-04-21 09:53:55.676
2020-04-21 09:53:56,744812,745059,2020-04-21 09:53:56.755
2020-04-21 09:53:57,744815,745054,2020-04-21 09:53:57.762
2020-04-21 09:53:58,744816,745054,2020-04-21 09:53:58.779
2020-04-21 09:54:00,744816,745054,2020-04-21 09:54:00.120
2020-04-21 09:54:01,744833,745054,2020-04-21 09:54:01.224
2020-04-21 09:54:02,744887,745054,2020-04-21 09:54:02.293
2020-04-21 09:54:03,744888,745054,2020-04-21 09:54:03.350
2020-04-21 09:54:04,744900,745054,2020-04-21 09:54:04.424
2020-04-21 09:54:05,744904,745054,2020-04-21 09:54:05.523
2020-04-21 09:54:06,744905,745058,2020-04-21 09:54:06.849
2020-04-21 09:54:07,744935,745250,2020-04-21 09:54:07.898
2020-04-21 09:54:08,744935,745308,2020-04-21 09:54:08.954
2020-04-21 09:54:10,745157,745248,2020-04-21 09:54:10.030
2020-04-21 09:54:11,745157,745248,2020-04-21 09:54:11.040
2020-04-21 09:54:12,745157,745345,2020-04-21 09:54:12.196
2020-04-21 09:54:14,745157,745339,2020-04-21 09:54:14.001
2020-04-21 09:54:15,745240,745339,2020-04-21 09:54:15.014
2020-04-21 09:54:16,745240,745265,2020-04-21 09:54:16.025
2020-04-21 09:54:17,745241,745265,2020-04-21 09:54:17.032
2020-04-21 09:54:18,745105,745127,2020-04-21 09:54:18.046
2020-04-21 09:54:19,745085,745093,2020-04-21 09:54:19.077
2020-04-21 09:54:20,744934,744916,2020-04-21 09:54:20.085
2020-04-21 09:54:21,744877,744916,2020-04-21 09:54:21.091
2020-04-21 09:54:22,744878,745020,2020-04-21 09:54:22.842
2020-04-21 09:54:24,745050,745228,2020-04-21 09:54:24.089
2020-04-21 09:54:25,745050,745091,2020-04-21 09:54:25.112
2020-04-21 09:54:26,745055,745091,2020-04-21 09:54:26.169
2020-04-21 09:54:27,745025,745050,2020-04-21 09:54:27.184
2020-04-21 09:54:28,745025,745050,2020-04-21 09:54:28.580
2020-04-21 09:54:29,744936,745050,2020-04-21 09:54:29.592
2020-04-21 09:54:30,744936,745050,2020-04-21 09:54:30.624
2020-04-21 09:54:31,744936,745050,2020-04-21 09:54:31.653
2020-04-21 09:54:32,745022,745228,2020-04-21 09:54:32.688
2020-04-21 09:54:33,745022,745205,2020-04-21 09:54:33.743
2020-04-21 09:54:34,745022,745205,2020-04-21 09:54:34.762
2020-04-21 09:54:36,745022,745205,2020-04-21 09:54:36.015
2020-04-21 09:54:37,745022,745205,2020-04-21 09:54:37.959
2020-04-21 09:54:38,745029,745224,2020-04-21 09:54:38.991
2020-04-21 09:54:40,745029,745212,2020-04-21 09:54:40.013
2020-04-21 09:54:41,745029,745178,2020-04-21 09:54:41.254
2020-04-21 09:54:42,745029,745029,2020-04-21 09:54:42.278
2020-04-21 09:54:43,745034,745149,2020-04-21 09:54:43.305
2020-04-21 09:54:44,745034,745149,2020-04-21 09:54:44.534
2020-04-21 09:54:45,745034,745149,2020-04-21 09:54:45.648
2020-04-21 09:54:46,745009,745118,2020-04-21 09:54:46.814
2020-04-21 09:54:47,745009,745118,2020-04-21 09:54:47.834
2020-04-21 09:54:49,745009,745118,2020-04-21 09:54:49.030
2020-04-21 09:54:50,745009,745009,2020-04-21 09:54:50.099
2020-04-21 09:54:51,745014,745009,2020-04-21 09:54:51.338
2020-04-21 09:54:52,745014,745009,2020-04-21 09:54:52.366
2020-04-21 09:54:54,745014,745009,2020-04-21 09:54:54.020
2020-04-21 09:54:55,744947,745009,2020-04-21 09:54:55.027
2020-04-21 09:54:56,744892,744934,2020-04-21 09:54:56.071
2020-04-21 09:54:57,744799,744870,2020-04-21 09:54:57.316
2020-04-21 09:54:58,744799,744967,2020-04-21 09:54:58.333
2020-04-21 09:54:59,744799,744942,2020-04-21 09:54:59.605
2020-04-21 09:55:00,744742,744870,2020-04-21 09:55:00.630
2020-04-21 09:55:01,744770,744844,2020-04-21 09:55:01.690
2020-04-21 09:55:03,744770,744829,2020-04-21 09:55:03.014
2020-04-21 09:55:04,744820,744916,2020-04-21 09:55:04.616
2020-04-21 09:55:05,744837,744916,2020-04-21 09:55:05.651
2020-04-21 09:55:07,744837,744916,2020-04-21 09:55:07.072
2020-04-21 09:55:08,744837,744916,2020-04-21 09:55:08.110
2020-04-21 09:55:09,744900,744916,2020-04-21 09:55:09.131
2020-04-21 09:55:10,744900,744916,2020-04-21 09:55:10.401
2020-04-21 09:55:11,744950,744938,2020-04-21 09:55:11.490
2020-04-21 09:55:12,744955,744998,2020-04-21 09:55:12.507
2020-04-21 09:55:13,744950,744984,2020-04-21 09:55:13.726
2020-04-21 09:55:14,744950,744984,2020-04-21 09:55:14.857
2020-04-21 09:55:15,744966,744984,2020-04-21 09:55:15.864
2020-04-21 09:55:16,744966,744984,2020-04-21 09:55:16.985
2020-04-21 09:55:18,744846,744984,2020-04-21 09:55:18.000
2020-04-21 09:55:19,744877,744997,2020-04-21 09:55:19.057
2020-04-21 09:55:20,744877,744994,2020-04-21 09:55:20.104
2020-04-21 09:55:21,744877,744994,2020-04-21 09:55:21.146
2020-04-21 09:55:22,744877,745002,2020-04-21 09:55:22.846
2020-04-21 09:55:23,744908,744975,2020-04-21 09:55:23.914
2020-04-21 09:55:25,744908,744975,2020-04-21 09:55:25.010
2020-04-21 09:55:26,744908,744975,2020-04-21 09:55:26.021
2020-04-21 09:55:27,744908,744972,2020-04-21 09:55:27.067
2020-04-21 09:55:28,744908,744972,2020-04-21 09:55:28.120
2020-04-21 09:55:29,744908,745119,2020-04-21 09:55:29.378
2020-04-21 09:55:30,744908,745118,2020-04-21 09:55:30.620
2020-04-21 09:55:31,744908,745106,2020-04-21 09:55:31.840
2020-04-21 09:55:32,744908,745106,2020-04-21 09:55:32.863
2020-04-21 09:55:34,744908,745052,2020-04-21 09:55:34.207
2020-04-21 09:55:35,744908,745031,2020-04-21 09:55:35.238
2020-04-21 09:55:36,744922,745031,2020-04-21 09:55:36.333
2020-04-21 09:55:37,744922,745052,2020-04-21 09:55:37.832
2020-04-21 09:55:38,744922,745052,2020-04-21 09:55:38.852
2020-04-21 09:55:39,744922,745052,2020-04-21 09:55:39.989
2020-04-21 09:55:41,744922,745031,2020-04-21 09:55:41.894
2020-04-21 09:55:42,744922,745030,2020-04-21 09:55:42.935
2020-04-21 09:55:44,744922,745031,2020-04-21 09:55:44.263
2020-04-21 09:55:45,744922,745029,2020-04-21 09:55:45.532
2020-04-21 09:55:46,744922,745029,2020-04-21 09:55:46.561
2020-04-21 09:55:48,744922,745029,2020-04-21 09:55:48.057
2020-04-21 09:55:49,744748,745007,2020-04-21 09:55:49.766
2020-04-21 09:55:50,744748,745006,2020-04-21 09:55:50.838
2020-04-21 09:55:51,744748,744973,2020-04-21 09:55:51.962
2020-04-21 09:55:53,744748,744968,2020-04-21 09:55:53.049
2020-04-21 09:55:55,744740,744955,2020-04-21 09:55:55.449
2020-04-21 09:55:56,744768,744924,2020-04-21 09:55:56.601
2020-04-21 09:55:57,744768,744923,2020-04-21 09:55:57.617
2020-04-21 09:55:58,744768,744923,2020-04-21 09:55:58.844
2020-04-21 09:55:59,744760,744921,2020-04-21 09:55:59.870
2020-04-21 09:56:00,744760,744901,2020-04-21 09:56:00.889
2020-04-21 09:56:01,744760,744901,2020-04-21 09:56:01.892
2020-04-21 09:56:02,744666,744653,2020-04-21 09:56:02.966
2020-04-21 09:56:04,744666,744653,2020-04-21 09:56:04.011
2020-04-21 09:56:05,744666,744653,2020-04-21 09:56:05.292
2020-04-21 09:56:06,744666,744653,2020-04-21 09:56:06.329
2020-04-21 09:56:07,744666,744652,2020-04-21 09:56:07.357
2020-04-21 09:56:08,744666,744652,2020-04-21 09:56:08.577
2020-04-21 09:56:09,744666,744652,2020-04-21 09:56:09.843
2020-04-21 09:56:10,744646,744652,2020-04-21 09:56:10.864
2020-04-21 09:56:11,744646,744702,2020-04-21 09:56:11.899
2020-04-21 09:56:12,744646,744702,2020-04-21 09:56:12.952
2020-04-21 09:56:13,744646,744702,2020-04-21 09:56:13.957
2020-04-21 09:56:15,744646,744702,2020-04-21 09:56:15.004
2020-04-21 09:56:16,744646,744676,2020-04-21 09:56:16.640
2020-04-21 09:56:17,744646,744659,2020-04-21 09:56:17.708
2020-04-21 09:56:18,744646,744659,2020-04-21 09:56:18.813
2020-04-21 09:56:19,744646,744653,2020-04-21 09:56:19.822
2020-04-21 09:56:20,744646,744653,2020-04-21 09:56:20.899
2020-04-21 09:56:22,744606,744647,2020-04-21 09:56:22.850
2020-04-21 09:56:23,744606,744647,2020-04-21 09:56:23.905
2020-04-21 09:56:25,744606,744644,2020-04-21 09:56:25.030
2020-04-21 09:56:26,744606,744641,2020-04-21 09:56:26.046
2020-04-21 09:56:27,744606,744639,2020-04-21 09:56:27.098
2020-04-21 09:56:28,744606,744626,2020-04-21 09:56:28.853
2020-04-21 09:56:30,744606,744620,2020-04-21 09:56:30.184
2020-04-21 09:56:31,744606,744620,2020-04-21 09:56:31.204
2020-04-21 09:56:32,744606,744620,2020-04-21 09:56:32.565
2020-04-21 09:56:33,744606,744611,2020-04-21 09:56:33.655
2020-04-21 09:56:35,744606,744606,2020-04-21 09:56:35.178
2020-04-21 09:56:36,744606,744606,2020-04-21 09:56:36.370
2020-04-21 09:56:37,744544,744592,2020-04-21 09:56:37.604
2020-04-21 09:56:39,744544,744591,2020-04-21 09:56:39.084
2020-04-21 09:56:40,744544,744590,2020-04-21 09:56:40.104
2020-04-21 09:56:41,744544,744589,2020-04-21 09:56:41.134
2020-04-21 09:56:42,744551,744638,2020-04-21 09:56:42.571
2020-04-21 09:56:44,744679,744680,2020-04-21 09:56:44.160
2020-04-21 09:56:45,744679,744680,2020-04-21 09:56:45.315
2020-04-21 09:56:46,744679,744680,2020-04-21 09:56:46.407
2020-04-21 09:56:47,744689,744680,2020-04-21 09:56:47.429
2020-04-21 09:56:48,744689,744680,2020-04-21 09:56:48.839
2020-04-21 09:56:49,744689,744680,2020-04-21 09:56:49.887
2020-04-21 09:56:50,744689,744680,2020-04-21 09:56:50.984
2020-04-21 09:56:52,744689,744680,2020-04-21 09:56:51.995
2020-04-21 09:56:53,744689,744680,2020-04-21 09:56:53.026
2020-04-21 09:56:54,744590,744680,2020-04-21 09:56:54.060
2020-04-21 09:56:55,744590,744740,2020-04-21 09:56:55.083
2020-04-21 09:56:56,744590,744591,2020-04-21 09:56:56.381
2020-04-21 09:56:57,744551,744591,2020-04-21 09:56:57.522
2020-04-21 09:56:58,744590,744508,2020-04-21 09:56:58.534
2020-04-21 09:56:59,744590,744508,2020-04-21 09:56:59.787
2020-04-21 09:57:00,744590,744591,2020-04-21 09:57:00.802
2020-04-21 09:57:01,744590,744591,2020-04-21 09:57:01.852
2020-04-21 09:57:02,744590,744591,2020-04-21 09:57:02.904
2020-04-21 09:57:03,744590,744591,2020-04-21 09:57:03.917
2020-04-21 09:57:05,744590,744665,2020-04-21 09:57:05.458
2020-04-21 09:57:06,744590,744633,2020-04-21 09:57:06.477
2020-04-21 09:57:07,744402,744594,2020-04-21 09:57:07.510
2020-04-21 09:57:08,744418,744593,2020-04-21 09:57:08.766
2020-04-21 09:57:10,744433,744593,2020-04-21 09:57:10.063
2020-04-21 09:57:11,744433,744592,2020-04-21 09:57:11.151
2020-04-21 09:57:12,744433,744587,2020-04-21 09:57:12.180
2020-04-21 09:57:13,744433,744575,2020-04-21 09:57:13.535
2020-04-21 09:57:14,744442,744575,2020-04-21 09:57:14.669
2020-04-21 09:57:15,744442,744575,2020-04-21 09:57:15.874
2020-04-21 09:57:17,744442,744575,2020-04-21 09:57:17.360
2020-04-21 09:57:18,744442,744574,2020-04-21 09:57:18.464
2020-04-21 09:57:20,744442,744574,2020-04-21 09:57:20.010
2020-04-21 09:57:21,744442,744574,2020-04-21 09:57:21.027
2020-04-21 09:57:22,744442,744565,2020-04-21 09:57:22.160
2020-04-21 09:57:23,744442,744557,2020-04-21 09:57:23.192
2020-04-21 09:57:24,744442,744557,2020-04-21 09:57:24.418
2020-04-21 09:57:25,744442,744557,2020-04-21 09:57:25.427
2020-04-21 09:57:26,744442,744557,2020-04-21 09:57:26.466
2020-04-21 09:57:27,744442,744557,2020-04-21 09:57:27.531
2020-04-21 09:57:28,744442,744557,2020-04-21 09:57:28.590
2020-04-21 09:57:29,744442,744557,2020-04-21 09:57:29.610
2020-04-21 09:57:30,744442,744541,2020-04-21 09:57:30.683
2020-04-21 09:57:31,744442,744537,2020-04-21 09:57:31.909
2020-04-21 09:57:33,744442,744537,2020-04-21 09:57:33.039
2020-04-21 09:57:34,744442,744537,2020-04-21 09:57:34.077
2020-04-21 09:57:35,744442,744537,2020-04-21 09:57:35.101
2020-04-21 09:57:36,744442,744537,2020-04-21 09:57:36.103
2020-04-21 09:57:37,744442,744537,2020-04-21 09:57:37.104
2020-04-21 09:57:38,744442,744530,2020-04-21 09:57:38.680
2020-04-21 09:57:40,744442,744530,2020-04-21 09:57:40.304
2020-04-21 09:57:41,744442,744530,2020-04-21 09:57:41.329
2020-04-21 09:57:42,744442,744529,2020-04-21 09:57:42.499
2020-04-21 09:57:43,744442,744529,2020-04-21 09:57:43.511
2020-04-21 09:57:44,744442,744529,2020-04-21 09:57:44.574
2020-04-21 09:57:45,744442,744527,2020-04-21 09:57:45.626
2020-04-21 09:57:46,744442,744527,2020-04-21 09:57:46.731
2020-04-21 09:57:47,744442,744527,2020-04-21 09:57:47.752
2020-04-21 09:57:48,744442,744512,2020-04-21 09:57:48.787
2020-04-21 09:57:49,744442,744512,2020-04-21 09:57:49.845
2020-04-21 09:57:50,744442,744493,2020-04-21 09:57:50.913
2020-04-21 09:57:51,744442,744493,2020-04-21 09:57:51.931
2020-04-21 09:57:52,744442,744492,2020-04-21 09:57:52.960
2020-04-21 09:57:54,744442,744492,2020-04-21 09:57:54.008
2020-04-21 09:57:55,744442,744492,2020-04-21 09:57:55.081
2020-04-21 09:57:56,744442,744492,2020-04-21 09:57:56.206
2020-04-21 09:57:57,744442,744492,2020-04-21 09:57:57.378
2020-04-21 09:57:58,744442,744492,2020-04-21 09:57:58.402
2020-04-21 09:57:59,744442,744492,2020-04-21 09:57:59.409
2020-04-21 09:58:00,744442,744492,2020-04-21 09:58:00.427
2020-04-21 09:58:01,744442,744492,2020-04-21 09:58:01.481
2020-04-21 09:58:02,744442,744492,2020-04-21 09:58:02.499
2020-04-21 09:58:03,744442,744492,2020-04-21 09:58:03.810
2020-04-21 09:58:04,744442,744492,2020-04-21 09:58:04.856
2020-04-21 09:58:05,744442,744492,2020-04-21 09:58:05.862
2020-04-21 09:58:06,744442,744492,2020-04-21 09:58:06.880
2020-04-21 09:58:07,744442,744492,2020-04-21 09:58:07.884
2020-04-21 09:58:09,744442,744492,2020-04-21 09:58:09.204
2020-04-21 09:58:10,744442,744492,2020-04-21 09:58:10.496
2020-04-21 09:58:11,744442,744492,2020-04-21 09:58:11.541
2020-04-21 09:58:12,744442,744492,2020-04-21 09:58:12.731
2020-04-21 09:58:13,744442,744492,2020-04-21 09:58:13.778
2020-04-21 09:58:14,744442,744492,2020-04-21 09:58:14.792
2020-04-21 09:58:15,744442,744492,2020-04-21 09:58:15.869
2020-04-21 09:58:16,744442,744492,2020-04-21 09:58:16.885
2020-04-21 09:58:17,744442,744492,2020-04-21 09:58:17.954
2020-04-21 09:58:19,744442,744492,2020-04-21 09:58:19.019
2020-04-21 09:58:20,744442,744492,2020-04-21 09:58:20.413
2020-04-21 09:58:21,744442,744492,2020-04-21 09:58:21.424
2020-04-21 09:58:22,744442,744492,2020-04-21 09:58:22.536
2020-04-21 09:58:23,744242,744315,2020-04-21 09:58:23.564
2020-04-21 09:58:24,744266,744293,2020-04-21 09:58:24.940
2020-04-21 09:58:25,744266,744292,2020-04-21 09:58:25.993
2020-04-21 09:58:27,744201,744194,2020-04-21 09:58:27.147
2020-04-21 09:58:28,744184,744194,2020-04-21 09:58:28.165
2020-04-21 09:58:29,744188,744194,2020-04-21 09:58:29.679
2020-04-21 09:58:31,744177,744194,2020-04-21 09:58:31.651
2020-04-21 09:58:32,744114,744194,2020-04-21 09:58:32.684
2020-04-21 09:58:34,744114,744194,2020-04-21 09:58:34.275
2020-04-21 09:58:35,744114,744194,2020-04-21 09:58:35.324
2020-04-21 09:58:36,744113,744212,2020-04-21 09:58:36.493
2020-04-21 09:58:37,743893,744201,2020-04-21 09:58:37.588
2020-04-21 09:58:38,744049,744132,2020-04-21 09:58:38.677
2020-04-21 09:58:39,744049,744132,2020-04-21 09:58:39.845
2020-04-21 09:58:41,744049,744119,2020-04-21 09:58:41.012
2020-04-21 09:58:42,743946,744103,2020-04-21 09:58:42.056
2020-04-21 09:58:43,743946,744103,2020-04-21 09:58:43.215
2020-04-21 09:58:44,743946,744103,2020-04-21 09:58:44.249
2020-04-21 09:58:45,743946,744069,2020-04-21 09:58:45.251
2020-04-21 09:58:46,743946,744068,2020-04-21 09:58:46.436
2020-04-21 09:58:47,743946,744068,2020-04-21 09:58:47.601
2020-04-21 09:58:48,743946,744069,2020-04-21 09:58:48.653
2020-04-21 09:58:49,743946,744069,2020-04-21 09:58:49.697
2020-04-21 09:58:50,743951,744086,2020-04-21 09:58:50.754
2020-04-21 09:58:52,744129,744086,2020-04-21 09:58:52.192
2020-04-21 09:58:53,744129,744086,2020-04-21 09:58:53.240
2020-04-21 09:58:54,744129,744086,2020-04-21 09:58:54.261
2020-04-21 09:58:55,744129,744086,2020-04-21 09:58:55.291
2020-04-21 09:58:56,744129,744086,2020-04-21 09:58:56.385
2020-04-21 09:58:58,744129,744086,2020-04-21 09:58:58.070
2020-04-21 09:58:59,743977,744209,2020-04-21 09:58:59.536
2020-04-21 09:59:01,743942,744188,2020-04-21 09:59:01.311
2020-04-21 09:59:02,743980,744188,2020-04-21 09:59:02.318
2020-04-21 09:59:03,743980,744188,2020-04-21 09:59:03.665
2020-04-21 09:59:04,744062,744210,2020-04-21 09:59:04.843
2020-04-21 09:59:05,744062,744202,2020-04-21 09:59:05.869
2020-04-21 09:59:07,744103,744222,2020-04-21 09:59:07.409
2020-04-21 09:59:08,744103,744293,2020-04-21 09:59:08.464
2020-04-21 09:59:09,744293,744252,2020-04-21 09:59:09.507
2020-04-21 09:59:10,744261,744252,2020-04-21 09:59:10.595
2020-04-21 09:59:11,744261,744252,2020-04-21 09:59:11.603
2020-04-21 09:59:13,744261,744252,2020-04-21 09:59:13.324
2020-04-21 09:59:14,744220,744252,2020-04-21 09:59:14.358
2020-04-21 09:59:15,744231,744341,2020-04-21 09:59:15.640
2020-04-21 09:59:17,744257,744341,2020-04-21 09:59:17.147
2020-04-21 09:59:18,744269,744341,2020-04-21 09:59:18.708
2020-04-21 09:59:19,744269,744341,2020-04-21 09:59:19.847
2020-04-21 09:59:20,744269,744341,2020-04-21 09:59:20.854
2020-04-21 09:59:21,744284,744341,2020-04-21 09:59:21.862
2020-04-21 09:59:22,744284,744341,2020-04-21 09:59:22.875
2020-04-21 09:59:24,744269,744290,2020-04-21 09:59:24.220
2020-04-21 09:59:25,744269,744238,2020-04-21 09:59:25.253
2020-04-21 09:59:26,744220,744238,2020-04-21 09:59:26.794
2020-04-21 09:59:27,744220,744238,2020-04-21 09:59:27.846
2020-04-21 09:59:29,744220,744238,2020-04-21 09:59:29.070
2020-04-21 09:59:30,744220,744238,2020-04-21 09:59:30.115
2020-04-21 09:59:31,744220,744238,2020-04-21 09:59:31.234
2020-04-21 09:59:32,744220,744238,2020-04-21 09:59:32.249
2020-04-21 09:59:33,744220,744222,2020-04-21 09:59:33.326
2020-04-21 09:59:35,744220,744222,2020-04-21 09:59:35.313
2020-04-21 09:59:36,744203,744214,2020-04-21 09:59:36.347
2020-04-21 09:59:37,744203,744214,2020-04-21 09:59:37.502
2020-04-21 09:59:38,744203,744214,2020-04-21 09:59:38.830
2020-04-21 09:59:39,744203,744214,2020-04-21 09:59:39.840
2020-04-21 09:59:41,744203,744214,2020-04-21 09:59:41.034
2020-04-21 09:59:42,744203,744273,2020-04-21 09:59:42.066
2020-04-21 09:59:43,744203,744273,2020-04-21 09:59:43.177
2020-04-21 09:59:44,744203,744273,2020-04-21 09:59:44.651
2020-04-21 09:59:45,744203,744273,2020-04-21 09:59:45.681
2020-04-21 09:59:46,744203,744273,2020-04-21 09:59:46.704
2020-04-21 09:59:47,744203,744259,2020-04-21 09:59:47.714
2020-04-21 09:59:48,743893,744231,2020-04-21 09:59:48.762
2020-04-21 09:59:49,743915,744231,2020-04-21 09:59:49.785
2020-04-21 09:59:50,743996,744231,2020-04-21 09:59:50.833
2020-04-21 09:59:51,743996,744231,2020-04-21 09:59:51.846
2020-04-21 09:59:52,743996,744330,2020-04-21 09:59:52.859
2020-04-21 09:59:53,744090,744235,2020-04-21 09:59:53.876
2020-04-21 09:59:54,744090,744235,2020-04-21 09:59:54.927
2020-04-21 09:59:55,744090,744196,2020-04-21 09:59:55.951
2020-04-21 09:59:56,744090,744196,2020-04-21 09:59:56.976
2020-04-21 09:59:58,744096,744196,2020-04-21 09:59:58.001
2020-04-21 09:59:59,744096,744196,2020-04-21 09:59:59.556
2020-04-21 10:00:00,744096,744196,2020-04-21 10:00:00.883
2020-04-21 10:00:01,744096,744359,2020-04-21 10:00:01.898
2020-04-21 10:00:02,744383,744383,2020-04-21 10:00:02.969
2020-04-21 10:00:04,744383,744390,2020-04-21 10:00:03.989
2020-04-21 10:00:05,744385,744390,2020-04-21 10:00:05.302
2020-04-21 10:00:06,744392,744390,2020-04-21 10:00:06.507
2020-04-21 10:00:07,744392,744390,2020-04-21 10:00:07.552
2020-04-21 10:00:08,744393,744417,2020-04-21 10:00:08.572
2020-04-21 10:00:09,744480,744417,2020-04-21 10:00:09.649
2020-04-21 10:00:10,744480,744654,2020-04-21 10:00:10.703
2020-04-21 10:00:11,744580,744608,2020-04-21 10:00:11.848
2020-04-21 10:00:12,744590,744621,2020-04-21 10:00:12.963
2020-04-21 10:00:14,744590,744621,2020-04-21 10:00:14.140
2020-04-21 10:00:15,744607,744697,2020-04-21 10:00:15.267
2020-04-21 10:00:16,744590,744697,2020-04-21 10:00:16.391
2020-04-21 10:00:17,744611,744606,2020-04-21 10:00:17.438
2020-04-21 10:00:18,744578,744606,2020-04-21 10:00:18.485
2020-04-21 10:00:19,744588,744606,2020-04-21 10:00:19.571
2020-04-21 10:00:20,744588,744852,2020-04-21 10:00:20.951
2020-04-21 10:00:22,744806,744912,2020-04-21 10:00:22.034
2020-04-21 10:00:23,744841,744912,2020-04-21 10:00:23.119
2020-04-21 10:00:24,744841,744911,2020-04-21 10:00:24.571
2020-04-21 10:00:25,744849,744911,2020-04-21 10:00:25.745
2020-04-21 10:00:26,744866,744911,2020-04-21 10:00:26.880
2020-04-21 10:00:27,744871,744930,2020-04-21 10:00:27.940
2020-04-21 10:00:28,744871,744930,2020-04-21 10:00:28.968
2020-04-21 10:00:30,744910,744930,2020-04-21 10:00:30.730
2020-04-21 10:00:31,744910,744930,2020-04-21 10:00:31.805
2020-04-21 10:00:32,744910,744930,2020-04-21 10:00:32.839
2020-04-21 10:00:34,744910,744930,2020-04-21 10:00:34.019
2020-04-21 10:00:35,744910,744930,2020-04-21 10:00:35.110
2020-04-21 10:00:36,744913,744930,2020-04-21 10:00:36.147
2020-04-21 10:00:37,744913,744930,2020-04-21 10:00:37.182
2020-04-21 10:00:38,744917,744930,2020-04-21 10:00:38.298
2020-04-21 10:00:39,744918,744930,2020-04-21 10:00:39.633
2020-04-21 10:00:40,744940,744931,2020-04-21 10:00:40.649
2020-04-21 10:00:41,744940,744931,2020-04-21 10:00:41.723
2020-04-21 10:00:42,744940,744931,2020-04-21 10:00:42.738
2020-04-21 10:00:43,744901,744927,2020-04-21 10:00:43.744
2020-04-21 10:00:44,744901,744900,2020-04-21 10:00:44.800
2020-04-21 10:00:45,744889,744892,2020-04-21 10:00:45.816
2020-04-21 10:00:47,744889,744892,2020-04-21 10:00:47.413
2020-04-21 10:00:48,744889,744892,2020-04-21 10:00:48.912
2020-04-21 10:00:49,744889,744927,2020-04-21 10:00:49.921
2020-04-21 10:00:50,744889,744927,2020-04-21 10:00:50.927
2020-04-21 10:00:51,744889,744927,2020-04-21 10:00:51.998
2020-04-21 10:00:53,744889,744927,2020-04-21 10:00:53.031
2020-04-21 10:00:54,744889,744927,2020-04-21 10:00:54.200
2020-04-21 10:00:55,744889,744927,2020-04-21 10:00:55.299
2020-04-21 10:00:56,744889,744927,2020-04-21 10:00:56.329
2020-04-21 10:00:57,744889,744927,2020-04-21 10:00:57.361
2020-04-21 10:00:58,744849,744844,2020-04-21 10:00:58.389
2020-04-21 10:00:59,744849,744844,2020-04-21 10:00:59.718
2020-04-21 10:01:01,744849,744844,2020-04-21 10:01:01.182
2020-04-21 10:01:02,744849,744844,2020-04-21 10:01:02.198
2020-04-21 10:01:03,744849,744844,2020-04-21 10:01:03.254
2020-04-21 10:01:04,744849,744844,2020-04-21 10:01:04.275
2020-04-21 10:01:05,744849,744844,2020-04-21 10:01:05.285
2020-04-21 10:01:06,744849,744844,2020-04-21 10:01:06.309
2020-04-21 10:01:07,744849,744844,2020-04-21 10:01:07.377
2020-04-21 10:01:08,744856,744844,2020-04-21 10:01:08.954
2020-04-21 10:01:09,744932,745050,2020-04-21 10:01:09.970
2020-04-21 10:01:11,744932,745050,2020-04-21 10:01:11.054
2020-04-21 10:01:12,744932,745150,2020-04-21 10:01:12.084
2020-04-21 10:01:13,744932,745150,2020-04-21 10:01:13.102
2020-04-21 10:01:14,744944,745149,2020-04-21 10:01:14.148
2020-04-21 10:01:15,744944,745149,2020-04-21 10:01:15.232
2020-04-21 10:01:17,744944,745149,2020-04-21 10:01:17.020
2020-04-21 10:01:18,744944,745150,2020-04-21 10:01:18.118
2020-04-21 10:01:19,744944,745150,2020-04-21 10:01:19.152
2020-04-21 10:01:20,744843,744939,2020-04-21 10:01:20.208
2020-04-21 10:01:21,744781,744903,2020-04-21 10:01:21.237
2020-04-21 10:01:22,744784,745119,2020-04-21 10:01:22.265
2020-04-21 10:01:23,744887,744959,2020-04-21 10:01:23.405
2020-04-21 10:01:25,744887,744959,2020-04-21 10:01:25.388
2020-04-21 10:01:26,744781,744879,2020-04-21 10:01:26.401
2020-04-21 10:01:27,744806,744878,2020-04-21 10:01:27.416
2020-04-21 10:01:28,744829,744878,2020-04-21 10:01:28.451
2020-04-21 10:01:29,744851,744878,2020-04-21 10:01:29.715
2020-04-21 10:01:30,744851,744878,2020-04-21 10:01:30.968
2020-04-21 10:01:32,744735,744845,2020-04-21 10:01:32.032
2020-04-21 10:01:33,744735,744844,2020-04-21 10:01:33.063
2020-04-21 10:01:34,744735,744844,2020-04-21 10:01:34.092
2020-04-21 10:01:35,744735,744844,2020-04-21 10:01:35.225
2020-04-21 10:01:36,744735,745007,2020-04-21 10:01:36.674
2020-04-21 10:01:37,744882,744996,2020-04-21 10:01:37.717
2020-04-21 10:01:38,744882,745039,2020-04-21 10:01:38.858
2020-04-21 10:01:39,744882,745038,2020-04-21 10:01:39.907
2020-04-21 10:01:40,744882,745038,2020-04-21 10:01:40.932
2020-04-21 10:01:42,744885,745075,2020-04-21 10:01:42.354
2020-04-21 10:01:43,744885,745038,2020-04-21 10:01:43.382
2020-04-21 10:01:44,744885,745037,2020-04-21 10:01:44.434
2020-04-21 10:01:45,744885,745037,2020-04-21 10:01:45.532
2020-04-21 10:01:46,744885,745037,2020-04-21 10:01:46.559
2020-04-21 10:01:47,744885,745037,2020-04-21 10:01:47.898
2020-04-21 10:01:49,745007,745037,2020-04-21 10:01:49.350
2020-04-21 10:01:50,745007,745075,2020-04-21 10:01:50.363
2020-04-21 10:01:51,745007,745075,2020-04-21 10:01:51.852
2020-04-21 10:01:53,745032,745074,2020-04-21 10:01:53.073
2020-04-21 10:01:54,745032,745073,2020-04-21 10:01:54.158
2020-04-21 10:01:55,745032,745073,2020-04-21 10:01:55.211
2020-04-21 10:01:56,745032,745073,2020-04-21 10:01:56.238
2020-04-21 10:01:57,745032,745073,2020-04-21 10:01:57.737
2020-04-21 10:01:58,745032,745073,2020-04-21 10:01:58.792
2020-04-21 10:01:59,745032,745074,2020-04-21 10:01:59.855
2020-04-21 10:02:00,745032,745024,2020-04-21 10:02:00.873
2020-04-21 10:02:02,745032,745024,2020-04-21 10:02:02.059
2020-04-21 10:02:03,744931,745004,2020-04-21 10:02:03.153
2020-04-21 10:02:04,744876,744912,2020-04-21 10:02:04.392
2020-04-21 10:02:05,744876,744912,2020-04-21 10:02:05.481
2020-04-21 10:02:06,744876,744912,2020-04-21 10:02:06.967
2020-04-21 10:02:08,744736,744888,2020-04-21 10:02:08.191
2020-04-21 10:02:09,744837,744881,2020-04-21 10:02:09.273
2020-04-21 10:02:10,744837,744881,2020-04-21 10:02:10.661
2020-04-21 10:02:11,744812,744881,2020-04-21 10:02:11.917
2020-04-21 10:02:12,744885,745023,2020-04-21 10:02:12.937
2020-04-21 10:02:14,744885,745023,2020-04-21 10:02:13.995
2020-04-21 10:02:15,744885,745023,2020-04-21 10:02:15.099
2020-04-21 10:02:17,744885,745023,2020-04-21 10:02:17.174
2020-04-21 10:02:18,744926,745023,2020-04-21 10:02:18.188
2020-04-21 10:02:19,744938,745023,2020-04-21 10:02:19.205
2020-04-21 10:02:20,744938,745013,2020-04-21 10:02:20.232
2020-04-21 10:02:21,744943,745012,2020-04-21 10:02:21.367
2020-04-21 10:02:22,744943,744962,2020-04-21 10:02:22.672
2020-04-21 10:02:23,744945,744962,2020-04-21 10:02:23.702
2020-04-21 10:02:24,744945,744961,2020-04-21 10:02:24.720
2020-04-21 10:02:25,744945,744961,2020-04-21 10:02:25.745
2020-04-21 10:02:26,744945,744961,2020-04-21 10:02:26.752
2020-04-21 10:02:27,744950,744961,2020-04-21 10:02:27.855
2020-04-21 10:02:28,744938,744961,2020-04-21 10:02:28.900
2020-04-21 10:02:29,744938,744961,2020-04-21 10:02:29.928
2020-04-21 10:02:31,744939,744961,2020-04-21 10:02:31.026
2020-04-21 10:02:32,744939,744961,2020-04-21 10:02:32.122
2020-04-21 10:02:33,744939,744961,2020-04-21 10:02:33.283
2020-04-21 10:02:34,744939,744961,2020-04-21 10:02:34.320
2020-04-21 10:02:35,744939,744961,2020-04-21 10:02:35.431
2020-04-21 10:02:36,744939,744961,2020-04-21 10:02:36.660
2020-04-21 10:02:37,744939,745023,2020-04-21 10:02:37.700
2020-04-21 10:02:39,744939,745023,2020-04-21 10:02:39.019
2020-04-21 10:02:40,745015,745023,2020-04-21 10:02:40.615
2020-04-21 10:02:41,745015,745023,2020-04-21 10:02:41.650
2020-04-21 10:02:42,744939,745015,2020-04-21 10:02:42.700
2020-04-21 10:02:43,744939,744966,2020-04-21 10:02:43.885
2020-04-21 10:02:44,744939,744965,2020-04-21 10:02:44.893
2020-04-21 10:02:46,744939,744965,2020-04-21 10:02:46.240
2020-04-21 10:02:47,744939,744965,2020-04-21 10:02:47.605
2020-04-21 10:02:48,744939,744965,2020-04-21 10:02:48.641
2020-04-21 10:02:49,744939,744965,2020-04-21 10:02:49.888
2020-04-21 10:02:50,744939,744965,2020-04-21 10:02:50.908
2020-04-21 10:02:52,744939,744965,2020-04-21 10:02:52.093
2020-04-21 10:02:53,744939,744965,2020-04-21 10:02:53.105
2020-04-21 10:02:54,744939,744965,2020-04-21 10:02:54.119
2020-04-21 10:02:55,744939,744965,2020-04-21 10:02:55.134
2020-04-21 10:02:56,744939,744965,2020-04-21 10:02:56.147
2020-04-21 10:02:57,744819,744965,2020-04-21 10:02:57.169
2020-04-21 10:02:58,744837,744965,2020-04-21 10:02:58.206
2020-04-21 10:02:59,744837,744965,2020-04-21 10:02:59.468
2020-04-21 10:03:00,744837,744965,2020-04-21 10:03:00.528
2020-04-21 10:03:01,744876,744965,2020-04-21 10:03:01.567
2020-04-21 10:03:02,744876,744965,2020-04-21 10:03:02.817
2020-04-21 10:03:04,744876,744965,2020-04-21 10:03:04.083
2020-04-21 10:03:05,744876,744965,2020-04-21 10:03:05.999
2020-04-21 10:03:07,744877,745038,2020-04-21 10:03:07.066
2020-04-21 10:03:08,744906,745037,2020-04-21 10:03:08.104
2020-04-21 10:03:09,744909,745037,2020-04-21 10:03:09.116
2020-04-21 10:03:10,744944,745037,2020-04-21 10:03:10.279
2020-04-21 10:03:11,744944,745037,2020-04-21 10:03:11.407
2020-04-21 10:03:12,744944,745037,2020-04-21 10:03:12.586
2020-04-21 10:03:13,744944,745037,2020-04-21 10:03:13.592
2020-04-21 10:03:14,744999,745122,2020-04-21 10:03:14.602
2020-04-21 10:03:15,744999,745198,2020-04-21 10:03:15.630
2020-04-21 10:03:16,744999,745122,2020-04-21 10:03:16.652
2020-04-21 10:03:18,744999,745122,2020-04-21 10:03:18.036
2020-04-21 10:03:19,744999,745122,2020-04-21 10:03:19.264
2020-04-21 10:03:20,744999,745122,2020-04-21 10:03:20.289
2020-04-21 10:03:21,744986,745122,2020-04-21 10:03:21.322
2020-04-21 10:03:22,744986,745106,2020-04-21 10:03:22.346
2020-04-21 10:03:23,744996,745106,2020-04-21 10:03:23.412
2020-04-21 10:03:24,744996,745106,2020-04-21 10:03:24.624
2020-04-21 10:03:25,744996,745106,2020-04-21 10:03:25.865
2020-04-21 10:03:26,744986,744996,2020-04-21 10:03:26.985
2020-04-21 10:03:28,744986,744996,2020-04-21 10:03:28.003
2020-04-21 10:03:29,744986,744996,2020-04-21 10:03:29.111
2020-04-21 10:03:30,744986,744996,2020-04-21 10:03:30.144
2020-04-21 10:03:31,745018,745134,2020-04-21 10:03:31.174
2020-04-21 10:03:32,745018,745134,2020-04-21 10:03:32.212
2020-04-21 10:03:33,745018,745134,2020-04-21 10:03:33.981
2020-04-21 10:03:35,744990,745135,2020-04-21 10:03:34.998
2020-04-21 10:03:36,744990,745135,2020-04-21 10:03:36.096
2020-04-21 10:03:37,744990,745135,2020-04-21 10:03:37.377
2020-04-21 10:03:38,745018,745204,2020-04-21 10:03:38.417
2020-04-21 10:03:39,745027,745204,2020-04-21 10:03:39.489
2020-04-21 10:03:40,745027,745204,2020-04-21 10:03:40.515
2020-04-21 10:03:41,745013,745204,2020-04-21 10:03:41.541
2020-04-21 10:03:42,745014,745204,2020-04-21 10:03:42.564
2020-04-21 10:03:43,745014,745204,2020-04-21 10:03:43.676
2020-04-21 10:03:46,745014,745204,2020-04-21 10:03:46.070
2020-04-21 10:03:47,745014,745204,2020-04-21 10:03:47.130
2020-04-21 10:03:48,745014,745204,2020-04-21 10:03:48.168
2020-04-21 10:03:49,745015,745204,2020-04-21 10:03:49.209
2020-04-21 10:03:50,745029,745322,2020-04-21 10:03:50.236
2020-04-21 10:03:51,745029,745070,2020-04-21 10:03:51.371
