timestamp,bid,ask,tick_timestamp
2021-04-13 16:50:27,6667598.0,6667599.0,2021-04-13 16:50:27
2021-04-13 16:50:31,6667598.0,6667599.0,2021-04-13 16:50:31
2021-04-13 16:50:34,6667598.0,6667599.0,2021-04-13 16:50:34
2021-04-13 16:50:37,6667598.0,6668732.0,2021-04-13 16:50:37
2021-04-13 16:50:40,6668732.0,6669327.0,2021-04-13 16:50:40
2021-04-13 16:50:43,6668758.0,6669327.0,2021-04-13 16:50:43
2021-04-13 16:50:46,6668762.0,6669299.0,2021-04-13 16:50:46
2021-04-13 16:50:49,6669026.0,6669298.0,2021-04-13 16:50:49
2021-04-13 16:50:52,6669032.0,6669299.0,2021-04-13 16:50:52
2021-04-13 16:50:55,6669035.0,6669736.0,2021-04-13 16:50:55
2021-04-13 16:50:58,6669045.0,6670666.0,2021-04-13 16:50:58
2021-04-13 16:51:01,6669049.0,6670606.0,2021-04-13 16:51:01
2021-04-13 16:51:04,6669055.0,6670606.0,2021-04-13 16:51:04
2021-04-13 16:51:07,6669060.0,6670549.0,2021-04-13 16:51:07
2021-04-13 16:51:10,6669304.0,6670498.0,2021-04-13 16:51:10
2021-04-13 16:51:13,6669310.0,6670498.0,2021-04-13 16:51:13
2021-04-13 16:51:17,6669299.0,6670493.0,2021-04-13 16:51:16
2021-04-13 16:51:20,6669299.0,6670488.0,2021-04-13 16:51:20
2021-04-13 16:51:23,6669299.0,6670157.0,2021-04-13 16:51:23
2021-04-13 16:51:26,6669299.0,6670146.0,2021-04-13 16:51:26
2021-04-13 16:51:29,6669299.0,6669539.0,2021-04-13 16:51:29
2021-04-13 16:51:32,6669299.0,6669535.0,2021-04-13 16:51:32
2021-04-13 16:51:35,6669299.0,6669533.0,2021-04-13 16:51:35
2021-04-13 16:51:38,6666666.0,6666667.0,2021-04-13 16:51:38
2021-04-13 16:51:41,6666666.0,6666667.0,2021-04-13 16:51:41
2021-04-13 16:51:44,6666666.0,6666667.0,2021-04-13 16:51:44
2021-04-13 16:51:47,6666666.0,6666667.0,2021-04-13 16:51:47
2021-04-13 16:51:50,6666667.0,6668575.0,2021-04-13 16:51:50
2021-04-13 16:51:53,6666947.0,6669058.0,2021-04-13 16:51:53
2021-04-13 16:51:56,6666958.0,6670520.0,2021-04-13 16:51:56
2021-04-13 16:51:59,6666965.0,6668353.0,2021-04-13 16:51:59
2021-04-13 16:52:02,6667726.0,6669754.0,2021-04-13 16:52:02
2021-04-13 16:52:05,6669877.0,6671523.0,2021-04-13 16:52:05
2021-04-13 16:52:08,6669883.0,6671187.0,2021-04-13 16:52:08
2021-04-13 16:52:11,6669884.0,6670910.0,2021-04-13 16:52:11
2021-04-13 16:52:15,6669888.0,6672000.0,2021-04-13 16:52:14
2021-04-13 16:52:18,6669891.0,6670434.0,2021-04-13 16:52:18
2021-04-13 16:52:21,6670434.0,6670589.0,2021-04-13 16:52:21
2021-04-13 16:52:24,6671723.0,6672000.0,2021-04-13 16:52:24
2021-04-13 16:52:27,6671866.0,6673774.0,2021-04-13 16:52:27
2021-04-13 16:52:30,6670593.0,6673771.0,2021-04-13 16:52:30
2021-04-13 16:52:33,6670635.0,6673770.0,2021-04-13 16:52:33
2021-04-13 16:52:36,6670639.0,6673770.0,2021-04-13 16:52:36
2021-04-13 16:52:39,6671713.0,6673770.0,2021-04-13 16:52:39
2021-04-13 16:52:42,6672725.0,6673769.0,2021-04-13 16:52:42
2021-04-13 16:52:45,6673769.0,6673770.0,2021-04-13 16:52:45
2021-04-13 16:52:48,6673769.0,6673770.0,2021-04-13 16:52:48
2021-04-13 16:52:51,6673771.0,6675003.0,2021-04-13 16:52:51
2021-04-13 16:52:54,6673773.0,6675001.0,2021-04-13 16:52:54
2021-04-13 16:52:57,6674970.0,6675002.0,2021-04-13 16:52:57
2021-04-13 16:53:00,6676528.0,6676529.0,2021-04-13 16:53:00
2021-04-13 16:53:03,6677531.0,6677532.0,2021-04-13 16:53:03
2021-04-13 16:53:06,6677531.0,6677532.0,2021-04-13 16:53:06
2021-04-13 16:53:10,6677531.0,6677532.0,2021-04-13 16:53:09
2021-04-13 16:53:13,6677532.0,6677998.0,2021-04-13 16:53:13
2021-04-13 16:53:16,6677999.0,6678000.0,2021-04-13 16:53:16
2021-04-13 16:53:19,6679792.0,6679794.0,2021-04-13 16:53:19
2021-04-13 16:53:22,6679997.0,6680000.0,2021-04-13 16:53:22
2021-04-13 16:53:25,6679420.0,6679998.0,2021-04-13 16:53:25
2021-04-13 16:53:28,6679999.0,6680000.0,2021-04-13 16:53:28
2021-04-13 16:53:31,6679999.0,6680000.0,2021-04-13 16:53:31
2021-04-13 16:53:34,6679999.0,6680000.0,2021-04-13 16:53:34
2021-04-13 16:53:37,6679999.0,6680000.0,2021-04-13 16:53:37
2021-04-13 16:53:40,6679999.0,6680000.0,2021-04-13 16:53:40
2021-04-13 16:53:43,6679999.0,6680000.0,2021-04-13 16:53:43
2021-04-13 16:53:46,6679999.0,6680000.0,2021-04-13 16:53:46
2021-04-13 16:53:49,6679999.0,6680000.0,2021-04-13 16:53:49
2021-04-13 16:53:52,6679999.0,6680000.0,2021-04-13 16:53:52
2021-04-13 16:53:55,6679999.0,6680000.0,2021-04-13 16:53:55
2021-04-13 16:53:58,6679999.0,6680000.0,2021-04-13 16:53:58
2021-04-13 16:54:02,6679999.0,6680000.0,2021-04-13 16:54:01
2021-04-13 16:54:05,6679999.0,6680000.0,2021-04-13 16:54:05
2021-04-13 16:54:08,6679999.0,6680000.0,2021-04-13 16:54:08
2021-04-13 16:54:11,6679999.0,6680000.0,2021-04-13 16:54:11
2021-04-13 16:54:14,6679999.0,6680000.0,2021-04-13 16:54:14
2021-04-13 16:54:17,6679999.0,6680000.0,2021-04-13 16:54:17
2021-04-13 16:54:20,6679999.0,6680000.0,2021-04-13 16:54:20
2021-04-13 16:54:23,6679000.0,6679001.0,2021-04-13 16:54:23
2021-04-13 16:54:26,6679000.0,6679001.0,2021-04-13 16:54:26
2021-04-13 16:54:29,6679000.0,6679001.0,2021-04-13 16:54:29
2021-04-13 16:54:32,6679000.0,6679001.0,2021-04-13 16:54:32
2021-04-13 16:54:35,6679000.0,6679001.0,2021-04-13 16:54:35
2021-04-13 16:54:38,6679000.0,6679001.0,2021-04-13 16:54:38
2021-04-13 16:54:41,6679000.0,6679001.0,2021-04-13 16:54:41
2021-04-13 16:54:44,6679000.0,6679001.0,2021-04-13 16:54:44
2021-04-13 16:54:47,6679000.0,6679001.0,2021-04-13 16:54:47
2021-04-13 16:54:50,6679000.0,6679001.0,2021-04-13 16:54:50
2021-04-13 16:54:54,6679000.0,6679001.0,2021-04-13 16:54:54
2021-04-13 16:54:57,6679000.0,6679001.0,2021-04-13 16:54:57
2021-04-13 16:55:00,6679000.0,6679001.0,2021-04-13 16:55:00
2021-04-13 16:55:03,6680001.0,6680003.0,2021-04-13 16:55:03
2021-04-13 16:55:06,6684105.0,6684585.0,2021-04-13 16:55:06
2021-04-13 16:55:09,6684584.0,6685379.0,2021-04-13 16:55:09
2021-04-13 16:55:12,6684586.0,6685377.0,2021-04-13 16:55:12
2021-04-13 16:55:15,6686002.0,6686541.0,2021-04-13 16:55:15
2021-04-13 16:55:18,6686540.0,6686541.0,2021-04-13 16:55:18
2021-04-13 16:55:21,6686547.0,6687423.0,2021-04-13 16:55:21
2021-04-13 16:55:24,6686554.0,6687421.0,2021-04-13 16:55:24
2021-04-13 16:55:27,6687420.0,6687421.0,2021-04-13 16:55:27
2021-04-13 16:55:30,6687420.0,6687421.0,2021-04-13 16:55:30
2021-04-13 16:55:33,6687999.0,6688000.0,2021-04-13 16:55:33
2021-04-13 16:55:36,6689083.0,6689084.0,2021-04-13 16:55:36
2021-04-13 16:55:39,6689083.0,6689084.0,2021-04-13 16:55:39
2021-04-13 16:55:43,6689086.0,6690004.0,2021-04-13 16:55:42
2021-04-13 16:55:46,6690799.0,6690800.0,2021-04-13 16:55:46
2021-04-13 16:55:49,6690799.0,6690800.0,2021-04-13 16:55:49
2021-04-13 16:55:52,6690799.0,6690800.0,2021-04-13 16:55:52
2021-04-13 16:55:55,6690799.0,6690800.0,2021-04-13 16:55:55
2021-04-13 16:55:58,6690799.0,6690800.0,2021-04-13 16:55:58
2021-04-13 16:56:01,6690799.0,6690800.0,2021-04-13 16:56:01
2021-04-13 16:56:04,6690799.0,6690800.0,2021-04-13 16:56:04
2021-04-13 16:56:07,6690799.0,6690800.0,2021-04-13 16:56:07
2021-04-13 16:56:10,6690799.0,6690800.0,2021-04-13 16:56:10
2021-04-13 16:56:13,6690799.0,6690800.0,2021-04-13 16:56:13
2021-04-13 16:56:16,6690799.0,6690800.0,2021-04-13 16:56:16
2021-04-13 16:56:19,6690799.0,6690800.0,2021-04-13 16:56:19
2021-04-13 16:56:22,6690800.0,6690801.0,2021-04-13 16:56:22
2021-04-13 16:56:25,6690994.0,6690995.0,2021-04-13 16:56:25
2021-04-13 16:56:28,6690994.0,6690995.0,2021-04-13 16:56:28
2021-04-13 16:56:31,6690994.0,6690995.0,2021-04-13 16:56:31
2021-04-13 16:56:35,6690000.0,6690001.0,2021-04-13 16:56:34
2021-04-13 16:56:38,6690000.0,6690001.0,2021-04-13 16:56:38
2021-04-13 16:56:41,6690000.0,6690001.0,2021-04-13 16:56:41
2021-04-13 16:56:44,6690000.0,6690001.0,2021-04-13 16:56:44
2021-04-13 16:56:47,6690000.0,6690001.0,2021-04-13 16:56:47
2021-04-13 16:56:50,6686602.0,6687020.0,2021-04-13 16:56:50
2021-04-13 16:56:53,6686600.0,6687011.0,2021-04-13 16:56:53
2021-04-13 16:56:57,6686600.0,6686601.0,2021-04-13 16:56:56
2021-04-13 16:57:00,6686000.0,6686001.0,2021-04-13 16:57:00
2021-04-13 16:57:03,6686000.0,6686001.0,2021-04-13 16:57:03
2021-04-13 16:57:06,6679005.0,6681150.0,2021-04-13 16:57:06
2021-04-13 16:57:09,6679005.0,6679986.0,2021-04-13 16:57:09
2021-04-13 16:57:12,6679004.0,6679392.0,2021-04-13 16:57:12
2021-04-13 16:57:15,6679004.0,6679005.0,2021-04-13 16:57:15
2021-04-13 16:57:18,6679004.0,6679005.0,2021-04-13 16:57:18
2021-04-13 16:57:21,6679004.0,6679005.0,2021-04-13 16:57:21
2021-04-13 16:57:24,6679000.0,6679001.0,2021-04-13 16:57:24
2021-04-13 16:57:27,6679000.0,6679001.0,2021-04-13 16:57:27
2021-04-13 16:57:30,6677777.0,6677778.0,2021-04-13 16:57:30
2021-04-13 16:57:33,6677777.0,6677778.0,2021-04-13 16:57:33
2021-04-13 16:57:36,6677777.0,6677778.0,2021-04-13 16:57:36
2021-04-13 16:57:39,6677777.0,6677778.0,2021-04-13 16:57:39
2021-04-13 16:57:42,6677777.0,6677778.0,2021-04-13 16:57:42
2021-04-13 16:57:45,6677777.0,6677778.0,2021-04-13 16:57:45
2021-04-13 16:57:48,6677777.0,6677778.0,2021-04-13 16:57:48
2021-04-13 16:57:51,6677777.0,6677778.0,2021-04-13 16:57:51
2021-04-13 16:57:55,6677777.0,6677778.0,2021-04-13 16:57:54
2021-04-13 16:57:58,6677700.0,6677777.0,2021-04-13 16:57:58
2021-04-13 16:58:02,6677699.0,6677770.0,2021-04-13 16:58:02
2021-04-13 16:58:05,6677699.0,6677761.0,2021-04-13 16:58:05
2021-04-13 16:58:09,6677600.0,6677601.0,2021-04-13 16:58:09
2021-04-13 16:58:12,6677600.0,6677601.0,2021-04-13 16:58:12
2021-04-13 16:58:15,6677600.0,6677601.0,2021-04-13 16:58:15
2021-04-13 16:58:18,6677600.0,6677601.0,2021-04-13 16:58:18
2021-04-13 16:58:21,6675006.0,6675007.0,2021-04-13 16:58:21
2021-04-13 16:58:24,6675006.0,6675007.0,2021-04-13 16:58:24
2021-04-13 16:58:27,6675006.0,6675007.0,2021-04-13 16:58:27
2021-04-13 16:58:30,6675006.0,6675007.0,2021-04-13 16:58:30
2021-04-13 16:58:33,6675006.0,6675007.0,2021-04-13 16:58:33
2021-04-13 16:58:36,6675006.0,6675007.0,2021-04-13 16:58:36
2021-04-13 16:58:39,6675007.0,6675034.0,2021-04-13 16:58:39
2021-04-13 16:58:42,6675007.0,6675034.0,2021-04-13 16:58:42
2021-04-13 16:58:45,6675007.0,6675033.0,2021-04-13 16:58:45
2021-04-13 16:58:49,6675007.0,6675034.0,2021-04-13 16:58:49
2021-04-13 16:58:52,6675010.0,6675840.0,2021-04-13 16:58:52
2021-04-13 16:58:55,6675007.0,6675017.0,2021-04-13 16:58:55
2021-04-13 16:58:58,6675007.0,6675012.0,2021-04-13 16:58:58
2021-04-13 16:59:01,6675007.0,6675008.0,2021-04-13 16:59:01
2021-04-13 16:59:04,6675007.0,6675008.0,2021-04-13 16:59:04
2021-04-13 16:59:07,6675007.0,6675008.0,2021-04-13 16:59:07
2021-04-13 16:59:10,6675007.0,6675008.0,2021-04-13 16:59:10
2021-04-13 16:59:13,6675007.0,6675008.0,2021-04-13 16:59:13
2021-04-13 16:59:17,6675007.0,6675008.0,2021-04-13 16:59:17
2021-04-13 16:59:20,6675007.0,6675008.0,2021-04-13 16:59:20
2021-04-13 16:59:24,6675146.0,6676646.0,2021-04-13 16:59:24
2021-04-13 16:59:27,6678285.0,6678286.0,2021-04-13 16:59:27
2021-04-13 16:59:30,6678300.0,6678301.0,2021-04-13 16:59:30
2021-04-13 16:59:33,6678300.0,6678301.0,2021-04-13 16:59:33
2021-04-13 16:59:36,6678300.0,6678301.0,2021-04-13 16:59:36
2021-04-13 16:59:39,6675577.0,6678300.0,2021-04-13 16:59:39
2021-04-13 16:59:42,6677617.0,6678166.0,2021-04-13 16:59:42
2021-04-13 16:59:45,6677617.0,6678158.0,2021-04-13 16:59:45
2021-04-13 16:59:48,6675984.0,6678803.0,2021-04-13 16:59:48
2021-04-13 16:59:51,6675984.0,6677456.0,2021-04-13 16:59:51
2021-04-13 16:59:54,6675990.0,6678251.0,2021-04-13 16:59:54
2021-04-13 16:59:57,6675995.0,6678244.0,2021-04-13 16:59:57
2021-04-13 17:00:00,6676000.0,6678239.0,2021-04-13 17:00:00
2021-04-13 17:00:03,6678923.0,6678924.0,2021-04-13 17:00:03
2021-04-13 17:00:06,6679004.0,6679005.0,2021-04-13 17:00:06
2021-04-13 17:00:10,6681956.0,6682222.0,2021-04-13 17:00:09
2021-04-13 17:00:13,6684048.0,6684049.0,2021-04-13 17:00:13
2021-04-13 17:00:16,6685005.0,6685006.0,2021-04-13 17:00:16
2021-04-13 17:00:19,6685849.0,6685850.0,2021-04-13 17:00:19
2021-04-13 17:00:22,6685849.0,6685850.0,2021-04-13 17:00:22
2021-04-13 17:00:25,6685849.0,6685850.0,2021-04-13 17:00:25
2021-04-13 17:00:28,6685849.0,6685850.0,2021-04-13 17:00:28
2021-04-13 17:00:31,6685849.0,6685850.0,2021-04-13 17:00:31
2021-04-13 17:00:34,6685849.0,6685850.0,2021-04-13 17:00:34
2021-04-13 17:00:37,6685849.0,6685850.0,2021-04-13 17:00:37
2021-04-13 17:00:40,6685849.0,6685850.0,2021-04-13 17:00:40
2021-04-13 17:00:43,6685849.0,6685850.0,2021-04-13 17:00:43
2021-04-13 17:00:46,6685849.0,6685850.0,2021-04-13 17:00:46
2021-04-13 17:00:50,6685849.0,6685850.0,2021-04-13 17:00:49
2021-04-13 17:00:53,6685849.0,6685850.0,2021-04-13 17:00:53
2021-04-13 17:00:56,6690004.0,6690005.0,2021-04-13 17:00:56
2021-04-13 17:00:59,6690004.0,6690005.0,2021-04-13 17:00:59
2021-04-13 17:01:02,6690004.0,6690005.0,2021-04-13 17:01:02
2021-04-13 17:01:05,6690004.0,6690005.0,2021-04-13 17:01:05
2021-04-13 17:01:08,6690004.0,6690005.0,2021-04-13 17:01:08
2021-04-13 17:01:11,6690004.0,6690005.0,2021-04-13 17:01:11
2021-04-13 17:01:14,6695766.0,6696222.0,2021-04-13 17:01:14
2021-04-13 17:01:17,6696122.0,6698104.0,2021-04-13 17:01:17
2021-04-13 17:01:20,6698564.0,6698565.0,2021-04-13 17:01:20
2021-04-13 17:01:23,6698564.0,6698565.0,2021-04-13 17:01:23
2021-04-13 17:01:26,6698564.0,6698565.0,2021-04-13 17:01:26
2021-04-13 17:01:29,6699881.0,6699882.0,2021-04-13 17:01:29
2021-04-13 17:01:32,6699881.0,6699882.0,2021-04-13 17:01:32
2021-04-13 17:01:35,6699882.0,6699998.0,2021-04-13 17:01:35
2021-04-13 17:01:39,6699997.0,6699998.0,2021-04-13 17:01:38
2021-04-13 17:01:42,6699997.0,6699998.0,2021-04-13 17:01:42
2021-04-13 17:01:45,6699997.0,6699998.0,2021-04-13 17:01:45
2021-04-13 17:01:48,6699999.0,6700000.0,2021-04-13 17:01:48
2021-04-13 17:01:51,6699999.0,6700000.0,2021-04-13 17:01:51
2021-04-13 17:01:54,6699999.0,6700000.0,2021-04-13 17:01:54
2021-04-13 17:01:57,6699999.0,6700000.0,2021-04-13 17:01:57
2021-04-13 17:02:00,6699999.0,6700000.0,2021-04-13 17:02:00
2021-04-13 17:02:03,6699999.0,6700000.0,2021-04-13 17:02:03
2021-04-13 17:02:06,6699999.0,6700000.0,2021-04-13 17:02:06
2021-04-13 17:02:09,6699999.0,6700000.0,2021-04-13 17:02:09
2021-04-13 17:02:12,6699999.0,6700000.0,2021-04-13 17:02:12
2021-04-13 17:02:15,6699999.0,6700000.0,2021-04-13 17:02:15
2021-04-13 17:02:18,6699999.0,6700000.0,2021-04-13 17:02:18
2021-04-13 17:02:21,6699999.0,6700000.0,2021-04-13 17:02:21
2021-04-13 17:02:24,6699999.0,6700000.0,2021-04-13 17:02:24
2021-04-13 17:02:28,6699999.0,6700000.0,2021-04-13 17:02:27
2021-04-13 17:02:31,6699999.0,6700000.0,2021-04-13 17:02:31
2021-04-13 17:02:34,6699999.0,6700000.0,2021-04-13 17:02:34
2021-04-13 17:02:37,6699999.0,6700000.0,2021-04-13 17:02:37
2021-04-13 17:02:40,6699999.0,6700000.0,2021-04-13 17:02:40
2021-04-13 17:02:43,6699999.0,6700000.0,2021-04-13 17:02:43
2021-04-13 17:02:46,6692699.0,6697475.0,2021-04-13 17:02:46
2021-04-13 17:02:49,6687654.0,6688335.0,2021-04-13 17:02:49
2021-04-13 17:02:52,6687657.0,6688327.0,2021-04-13 17:02:52
2021-04-13 17:02:55,6687661.0,6688324.0,2021-04-13 17:02:55
2021-04-13 17:02:58,6687664.0,6688319.0,2021-04-13 17:02:58
2021-04-13 17:03:01,6687664.0,6688319.0,2021-04-13 17:03:01
2021-04-13 17:03:04,6687664.0,6688319.0,2021-04-13 17:03:04
2021-04-13 17:03:07,6687664.0,6688319.0,2021-04-13 17:03:07
2021-04-13 17:03:10,6691015.0,6691017.0,2021-04-13 17:03:10
2021-04-13 17:03:13,6691508.0,6691770.0,2021-04-13 17:03:13
2021-04-13 17:03:16,6694346.0,6694347.0,2021-04-13 17:03:16
2021-04-13 17:03:20,6694346.0,6694347.0,2021-04-13 17:03:19
2021-04-13 17:03:23,6694346.0,6694347.0,2021-04-13 17:03:23
2021-04-13 17:03:26,6694346.0,6694347.0,2021-04-13 17:03:26
2021-04-13 17:03:29,6694346.0,6694347.0,2021-04-13 17:03:29
2021-04-13 17:03:32,6691776.0,6694346.0,2021-04-13 17:03:32
2021-04-13 17:03:35,6689672.0,6692733.0,2021-04-13 17:03:35
2021-04-13 17:03:38,6687699.0,6692031.0,2021-04-13 17:03:38
2021-04-13 17:03:41,6687653.0,6689909.0,2021-04-13 17:03:41
2021-04-13 17:03:44,6687654.0,6689904.0,2021-04-13 17:03:44
2021-04-13 17:03:47,6686266.0,6687652.0,2021-04-13 17:03:47
2021-04-13 17:03:50,6687036.0,6687651.0,2021-04-13 17:03:50
2021-04-13 17:03:53,6686757.0,6687650.0,2021-04-13 17:03:53
2021-04-13 17:03:56,6686759.0,6687646.0,2021-04-13 17:03:56
2021-04-13 17:03:59,6686764.0,6687643.0,2021-04-13 17:03:59
2021-04-13 17:04:02,6686766.0,6687638.0,2021-04-13 17:04:02
2021-04-13 17:04:05,6685850.0,6687631.0,2021-04-13 17:04:05
2021-04-13 17:04:08,6685849.0,6687625.0,2021-04-13 17:04:08
2021-04-13 17:04:11,6685849.0,6685850.0,2021-04-13 17:04:11
2021-04-13 17:04:14,6685849.0,6685850.0,2021-04-13 17:04:14
2021-04-13 17:04:17,6682893.0,6685850.0,2021-04-13 17:04:17
2021-04-13 17:04:21,6682504.0,6682505.0,2021-04-13 17:04:20
2021-04-13 17:04:24,6680199.0,6680200.0,2021-04-13 17:04:24
2021-04-13 17:04:27,6680010.0,6680011.0,2021-04-13 17:04:27
2021-04-13 17:04:30,6680010.0,6680011.0,2021-04-13 17:04:30
2021-04-13 17:04:33,6680010.0,6680011.0,2021-04-13 17:04:33
2021-04-13 17:04:36,6680000.0,6680001.0,2021-04-13 17:04:36
2021-04-13 17:04:39,6680000.0,6680001.0,2021-04-13 17:04:39
2021-04-13 17:04:42,6680000.0,6680001.0,2021-04-13 17:04:42
2021-04-13 17:04:45,6679194.0,6679994.0,2021-04-13 17:04:45
2021-04-13 17:04:48,6679999.0,6680000.0,2021-04-13 17:04:48
2021-04-13 17:04:51,6679999.0,6680000.0,2021-04-13 17:04:51
2021-04-13 17:04:54,6679999.0,6680000.0,2021-04-13 17:04:54
2021-04-13 17:04:57,6680000.0,6680001.0,2021-04-13 17:04:57
2021-04-13 17:05:00,6683432.0,6683433.0,2021-04-13 17:05:00
2021-04-13 17:05:03,6683466.0,6684846.0,2021-04-13 17:05:03
2021-04-13 17:05:06,6683465.0,6684842.0,2021-04-13 17:05:06
2021-04-13 17:05:09,6683698.0,6684834.0,2021-04-13 17:05:09
2021-04-13 17:05:13,6683702.0,6684825.0,2021-04-13 17:05:12
2021-04-13 17:05:16,6683705.0,6684818.0,2021-04-13 17:05:16
2021-04-13 17:05:19,6683707.0,6684816.0,2021-04-13 17:05:19
2021-04-13 17:05:22,6685269.0,6685824.0,2021-04-13 17:05:22
2021-04-13 17:05:25,6684898.0,6685817.0,2021-04-13 17:05:25
2021-04-13 17:05:28,6685731.0,6685814.0,2021-04-13 17:05:28
2021-04-13 17:05:31,6685638.0,6685813.0,2021-04-13 17:05:31
2021-04-13 17:05:34,6685638.0,6685812.0,2021-04-13 17:05:34
2021-04-13 17:05:37,6683865.0,6685803.0,2021-04-13 17:05:37
2021-04-13 17:05:40,6683865.0,6683866.0,2021-04-13 17:05:40
2021-04-13 17:05:43,6683865.0,6683866.0,2021-04-13 17:05:43
2021-04-13 17:05:46,6683865.0,6683866.0,2021-04-13 17:05:46
2021-04-13 17:05:50,6683865.0,6683866.0,2021-04-13 17:05:49
2021-04-13 17:05:53,6683865.0,6683866.0,2021-04-13 17:05:53
2021-04-13 17:05:56,6683865.0,6683866.0,2021-04-13 17:05:56
2021-04-13 17:05:59,6683865.0,6683866.0,2021-04-13 17:05:59
2021-04-13 17:06:02,6683865.0,6683866.0,2021-04-13 17:06:02
2021-04-13 17:06:05,6683865.0,6683866.0,2021-04-13 17:06:05
2021-04-13 17:06:08,6683865.0,6683866.0,2021-04-13 17:06:08
2021-04-13 17:06:11,6683865.0,6683866.0,2021-04-13 17:06:11
2021-04-13 17:06:14,6683865.0,6683866.0,2021-04-13 17:06:14
2021-04-13 17:06:17,6683865.0,6683866.0,2021-04-13 17:06:17
2021-04-13 17:06:20,6683865.0,6683866.0,2021-04-13 17:06:20
2021-04-13 17:06:23,6683865.0,6683866.0,2021-04-13 17:06:23
2021-04-13 17:06:26,6680199.0,6683796.0,2021-04-13 17:06:26
2021-04-13 17:06:29,6682164.0,6683693.0,2021-04-13 17:06:29
2021-04-13 17:06:32,6682166.0,6683687.0,2021-04-13 17:06:32
2021-04-13 17:06:36,6682598.0,6683684.0,2021-04-13 17:06:35
2021-04-13 17:06:39,6684677.0,6684834.0,2021-04-13 17:06:39
2021-04-13 17:06:42,6683456.0,6683558.0,2021-04-13 17:06:42
2021-04-13 17:06:45,6683458.0,6683552.0,2021-04-13 17:06:45
2021-04-13 17:06:48,6683462.0,6683547.0,2021-04-13 17:06:48
2021-04-13 17:06:51,6683466.0,6683841.0,2021-04-13 17:06:51
2021-04-13 17:06:54,6683456.0,6683830.0,2021-04-13 17:06:54
2021-04-13 17:06:57,6683459.0,6683826.0,2021-04-13 17:06:57
2021-04-13 17:07:00,6683463.0,6683946.0,2021-04-13 17:07:00
2021-04-13 17:07:03,6684441.0,6686228.0,2021-04-13 17:07:03
2021-04-13 17:07:06,6685969.0,6687645.0,2021-04-13 17:07:06
2021-04-13 17:07:09,6687999.0,6688000.0,2021-04-13 17:07:09
2021-04-13 17:07:12,6687999.0,6688000.0,2021-04-13 17:07:12
2021-04-13 17:07:15,6687999.0,6688000.0,2021-04-13 17:07:15
2021-04-13 17:07:18,6688995.0,6690338.0,2021-04-13 17:07:18
2021-04-13 17:07:21,6689270.0,6690337.0,2021-04-13 17:07:21
2021-04-13 17:07:24,6689689.0,6690801.0,2021-04-13 17:07:24
2021-04-13 17:07:27,6688002.0,6689791.0,2021-04-13 17:07:27
2021-04-13 17:07:31,6688004.0,6688424.0,2021-04-13 17:07:30
2021-04-13 17:07:34,6688008.0,6688420.0,2021-04-13 17:07:34
2021-04-13 17:07:37,6688012.0,6688419.0,2021-04-13 17:07:37
2021-04-13 17:07:40,6688424.0,6689216.0,2021-04-13 17:07:40
2021-04-13 17:07:43,6688754.0,6689999.0,2021-04-13 17:07:43
2021-04-13 17:07:46,6689214.0,6689999.0,2021-04-13 17:07:46
2021-04-13 17:07:49,6689223.0,6689999.0,2021-04-13 17:07:49
2021-04-13 17:07:52,6689227.0,6689999.0,2021-04-13 17:07:52
2021-04-13 17:07:55,6689233.0,6689997.0,2021-04-13 17:07:55
2021-04-13 17:07:58,6689537.0,6689999.0,2021-04-13 17:07:58
2021-04-13 17:08:01,6689999.0,6690000.0,2021-04-13 17:08:01
2021-04-13 17:08:04,6689999.0,6690000.0,2021-04-13 17:08:04
2021-04-13 17:08:07,6689999.0,6690000.0,2021-04-13 17:08:07
2021-04-13 17:08:10,6689999.0,6690000.0,2021-04-13 17:08:10
2021-04-13 17:08:13,6689999.0,6690000.0,2021-04-13 17:08:13
2021-04-13 17:08:16,6689999.0,6690000.0,2021-04-13 17:08:16
2021-04-13 17:08:19,6689999.0,6690000.0,2021-04-13 17:08:19
2021-04-13 17:08:22,6689999.0,6690000.0,2021-04-13 17:08:22
2021-04-13 17:08:25,6689999.0,6690000.0,2021-04-13 17:08:25
2021-04-13 17:08:29,6689999.0,6690000.0,2021-04-13 17:08:28
2021-04-13 17:08:32,6689999.0,6690000.0,2021-04-13 17:08:32
2021-04-13 17:08:35,6689999.0,6690000.0,2021-04-13 17:08:35
2021-04-13 17:08:38,6689999.0,6690000.0,2021-04-13 17:08:38
2021-04-13 17:08:41,6689999.0,6690000.0,2021-04-13 17:08:41
2021-04-13 17:08:44,6691621.0,6691622.0,2021-04-13 17:08:44
2021-04-13 17:08:47,6695007.0,6695008.0,2021-04-13 17:08:47
2021-04-13 17:08:50,6694348.0,6695322.0,2021-04-13 17:08:50
2021-04-13 17:08:53,6694622.0,6694785.0,2021-04-13 17:08:53
2021-04-13 17:08:56,6694257.0,6694419.0,2021-04-13 17:08:56
2021-04-13 17:08:59,6694261.0,6694362.0,2021-04-13 17:08:59
2021-04-13 17:09:02,6694263.0,6694359.0,2021-04-13 17:09:02
2021-04-13 17:09:05,6694249.0,6694250.0,2021-04-13 17:09:05
2021-04-13 17:09:08,6694249.0,6694250.0,2021-04-13 17:09:08
2021-04-13 17:09:11,6694249.0,6694250.0,2021-04-13 17:09:11
2021-04-13 17:09:14,6694249.0,6694250.0,2021-04-13 17:09:14
2021-04-13 17:09:17,6694249.0,6694250.0,2021-04-13 17:09:17
2021-04-13 17:09:20,6694249.0,6694250.0,2021-04-13 17:09:20
2021-04-13 17:09:23,6694249.0,6694250.0,2021-04-13 17:09:23
2021-04-13 17:09:26,6694249.0,6694250.0,2021-04-13 17:09:26
2021-04-13 17:09:30,6694249.0,6694250.0,2021-04-13 17:09:29
2021-04-13 17:09:33,6694249.0,6694250.0,2021-04-13 17:09:33
2021-04-13 17:09:36,6694249.0,6694250.0,2021-04-13 17:09:36
2021-04-13 17:09:39,6694249.0,6694250.0,2021-04-13 17:09:39
2021-04-13 17:09:42,6694249.0,6694250.0,2021-04-13 17:09:42
2021-04-13 17:09:45,6694249.0,6694250.0,2021-04-13 17:09:45
2021-04-13 17:09:48,6694249.0,6694250.0,2021-04-13 17:09:48
2021-04-13 17:09:51,6694249.0,6694250.0,2021-04-13 17:09:51
2021-04-13 17:09:54,6694249.0,6694250.0,2021-04-13 17:09:54
2021-04-13 17:09:57,6694249.0,6694250.0,2021-04-13 17:09:57
2021-04-13 17:10:00,6694249.0,6694250.0,2021-04-13 17:10:00
2021-04-13 17:10:03,6694249.0,6694250.0,2021-04-13 17:10:03
2021-04-13 17:10:07,6690840.0,6694245.0,2021-04-13 17:10:07
2021-04-13 17:10:10,6690840.0,6690841.0,2021-04-13 17:10:10
2021-04-13 17:10:13,6690840.0,6690841.0,2021-04-13 17:10:13
2021-04-13 17:10:16,6690840.0,6690841.0,2021-04-13 17:10:16
2021-04-13 17:10:19,6690840.0,6690841.0,2021-04-13 17:10:19
2021-04-13 17:10:22,6690840.0,6690841.0,2021-04-13 17:10:22
2021-04-13 17:10:25,6690840.0,6691285.0,2021-04-13 17:10:25
2021-04-13 17:10:28,6691281.0,6691282.0,2021-04-13 17:10:28
2021-04-13 17:10:32,6691281.0,6691282.0,2021-04-13 17:10:31
2021-04-13 17:10:35,6691281.0,6691282.0,2021-04-13 17:10:35
2021-04-13 17:10:38,6691281.0,6691282.0,2021-04-13 17:10:38
2021-04-13 17:10:41,6691281.0,6691282.0,2021-04-13 17:10:41
2021-04-13 17:10:44,6691281.0,6691282.0,2021-04-13 17:10:44
2021-04-13 17:10:47,6691281.0,6691282.0,2021-04-13 17:10:47
2021-04-13 17:10:50,6692712.0,6692713.0,2021-04-13 17:10:50
2021-04-13 17:10:53,6693544.0,6693545.0,2021-04-13 17:10:53
2021-04-13 17:10:56,6693544.0,6693545.0,2021-04-13 17:10:56
2021-04-13 17:10:59,6694382.0,6694383.0,2021-04-13 17:10:59
2021-04-13 17:11:02,6695321.0,6695322.0,2021-04-13 17:11:02
2021-04-13 17:11:05,6695366.0,6695367.0,2021-04-13 17:11:05
2021-04-13 17:11:08,6695368.0,6695452.0,2021-04-13 17:11:08
2021-04-13 17:11:11,6695451.0,6695452.0,2021-04-13 17:11:11
2021-04-13 17:11:14,6695451.0,6695452.0,2021-04-13 17:11:14
2021-04-13 17:11:17,6695999.0,6697507.0,2021-04-13 17:11:17
2021-04-13 17:11:20,6698300.0,6698301.0,2021-04-13 17:11:20
2021-04-13 17:11:23,6699072.0,6699073.0,2021-04-13 17:11:23
2021-04-13 17:11:26,6699072.0,6699998.0,2021-04-13 17:11:26
2021-04-13 17:11:30,6699999.0,6700000.0,2021-04-13 17:11:29
2021-04-13 17:11:33,6699999.0,6700000.0,2021-04-13 17:11:33
2021-04-13 17:11:36,6699999.0,6700000.0,2021-04-13 17:11:36
2021-04-13 17:11:39,6699999.0,6700000.0,2021-04-13 17:11:39
2021-04-13 17:11:43,6699999.0,6700000.0,2021-04-13 17:11:42
2021-04-13 17:11:46,6699999.0,6700000.0,2021-04-13 17:11:46
2021-04-13 17:11:49,6699999.0,6700000.0,2021-04-13 17:11:49
2021-04-13 17:11:52,6699999.0,6700000.0,2021-04-13 17:11:52
2021-04-13 17:11:55,6699999.0,6700000.0,2021-04-13 17:11:55
2021-04-13 17:11:58,6700002.0,6700006.0,2021-04-13 17:11:58
2021-04-13 17:12:01,6702498.0,6702499.0,2021-04-13 17:12:01
2021-04-13 17:12:04,6702499.0,6705170.0,2021-04-13 17:12:04
2021-04-13 17:12:07,6705168.0,6705169.0,2021-04-13 17:12:07
2021-04-13 17:12:10,6705168.0,6705169.0,2021-04-13 17:12:10
2021-04-13 17:12:13,6705168.0,6705169.0,2021-04-13 17:12:13
2021-04-13 17:12:16,6705168.0,6705169.0,2021-04-13 17:12:16
2021-04-13 17:12:19,6705168.0,6705169.0,2021-04-13 17:12:19
2021-04-13 17:12:22,6705168.0,6705169.0,2021-04-13 17:12:22
2021-04-13 17:12:25,6705168.0,6705169.0,2021-04-13 17:12:25
2021-04-13 17:12:28,6705168.0,6705169.0,2021-04-13 17:12:28
2021-04-13 17:12:31,6705168.0,6705169.0,2021-04-13 17:12:31
2021-04-13 17:12:34,6705799.0,6705801.0,2021-04-13 17:12:34
2021-04-13 17:12:37,6708998.0,6709993.0,2021-04-13 17:12:37
2021-04-13 17:12:40,6709868.0,6709991.0,2021-04-13 17:12:40
2021-04-13 17:12:44,6709868.0,6709991.0,2021-04-13 17:12:43
2021-04-13 17:12:47,6709868.0,6709991.0,2021-04-13 17:12:47
2021-04-13 17:12:50,6709999.0,6710000.0,2021-04-13 17:12:50
2021-04-13 17:12:53,6709999.0,6710000.0,2021-04-13 17:12:53
2021-04-13 17:12:56,6713907.0,6714511.0,2021-04-13 17:12:56
2021-04-13 17:12:59,6717997.0,6717999.0,2021-04-13 17:12:59
2021-04-13 17:13:02,6719999.0,6720000.0,2021-04-13 17:13:02
2021-04-13 17:13:05,6727000.0,6727505.0,2021-04-13 17:13:05
2021-04-13 17:13:08,6729898.0,6730000.0,2021-04-13 17:13:08
2021-04-13 17:13:11,6729999.0,6730000.0,2021-04-13 17:13:11
2021-04-13 17:13:14,6727499.0,6727500.0,2021-04-13 17:13:14
2021-04-13 17:13:17,6727499.0,6727500.0,2021-04-13 17:13:17
2021-04-13 17:13:20,6729999.0,6730000.0,2021-04-13 17:13:20
2021-04-13 17:13:23,6729993.0,6730000.0,2021-04-13 17:13:23
2021-04-13 17:13:26,6729999.0,6730000.0,2021-04-13 17:13:26
2021-04-13 17:13:29,6730800.0,6730801.0,2021-04-13 17:13:29
2021-04-13 17:13:32,6731721.0,6731722.0,2021-04-13 17:13:32
2021-04-13 17:13:35,6731721.0,6731722.0,2021-04-13 17:13:35
2021-04-13 17:13:38,6732317.0,6732319.0,2021-04-13 17:13:38
2021-04-13 17:13:42,6731721.0,6731743.0,2021-04-13 17:13:41
2021-04-13 17:13:45,6729648.0,6730001.0,2021-04-13 17:13:45
2021-04-13 17:13:48,6727499.0,6727500.0,2021-04-13 17:13:48
2021-04-13 17:13:51,6723076.0,6723903.0,2021-04-13 17:13:51
2021-04-13 17:13:54,6718606.0,6719202.0,2021-04-13 17:13:54
2021-04-13 17:13:57,6716437.0,6719105.0,2021-04-13 17:13:57
2021-04-13 17:14:00,6717551.0,6717552.0,2021-04-13 17:14:00
2021-04-13 17:14:04,6717551.0,6717552.0,2021-04-13 17:14:04
2021-04-13 17:14:07,6717551.0,6717552.0,2021-04-13 17:14:07
2021-04-13 17:14:10,6720000.0,6720161.0,2021-04-13 17:14:10
2021-04-13 17:14:13,6720761.0,6721161.0,2021-04-13 17:14:13
2021-04-13 17:14:16,6725003.0,6725004.0,2021-04-13 17:14:16
2021-04-13 17:14:19,6725800.0,6725801.0,2021-04-13 17:14:19
2021-04-13 17:14:22,6726622.0,6726994.0,2021-04-13 17:14:22
2021-04-13 17:14:25,6726991.0,6727500.0,2021-04-13 17:14:25
2021-04-13 17:14:28,6726990.0,6726992.0,2021-04-13 17:14:28
2021-04-13 17:14:32,6727499.0,6727500.0,2021-04-13 17:14:31
2021-04-13 17:14:35,6727499.0,6727500.0,2021-04-13 17:14:35
2021-04-13 17:14:38,6727499.0,6727500.0,2021-04-13 17:14:38
2021-04-13 17:14:41,6727499.0,6727500.0,2021-04-13 17:14:41
2021-04-13 17:14:44,6727499.0,6727500.0,2021-04-13 17:14:44
2021-04-13 17:14:47,6727499.0,6727500.0,2021-04-13 17:14:47
2021-04-13 17:14:50,6727499.0,6727500.0,2021-04-13 17:14:50
2021-04-13 17:14:54,6727499.0,6727500.0,2021-04-13 17:14:53
2021-04-13 17:14:57,6727499.0,6727500.0,2021-04-13 17:14:57
2021-04-13 17:15:00,6727499.0,6727500.0,2021-04-13 17:15:00
2021-04-13 17:15:03,6728498.0,6728500.0,2021-04-13 17:15:03
2021-04-13 17:15:06,6734565.0,6735000.0,2021-04-13 17:15:06
2021-04-13 17:15:09,6734567.0,6735000.0,2021-04-13 17:15:09
2021-04-13 17:15:12,6734999.0,6735000.0,2021-04-13 17:15:12
2021-04-13 17:15:15,6744402.0,6744497.0,2021-04-13 17:15:15
2021-04-13 17:15:18,6753300.0,6753301.0,2021-04-13 17:15:18
2021-04-13 17:15:21,6753300.0,6753301.0,2021-04-13 17:15:21
2021-04-13 17:15:24,6753300.0,6753301.0,2021-04-13 17:15:24
2021-04-13 17:15:27,6757777.0,6757890.0,2021-04-13 17:15:27
2021-04-13 17:15:30,6757777.0,6757778.0,2021-04-13 17:15:30
2021-04-13 17:15:33,6757776.0,6757777.0,2021-04-13 17:15:33
2021-04-13 17:15:36,6759988.0,6759991.0,2021-04-13 17:15:36
2021-04-13 17:15:40,6759990.0,6759991.0,2021-04-13 17:15:40
2021-04-13 17:15:43,6757778.0,6758008.0,2021-04-13 17:15:43
2021-04-13 17:15:46,6759699.0,6759700.0,2021-04-13 17:15:46
2021-04-13 17:15:49,6759697.0,6759699.0,2021-04-13 17:15:49
2021-04-13 17:15:52,6750004.0,6757158.0,2021-04-13 17:15:52
2021-04-13 17:15:55,6757157.0,6758007.0,2021-04-13 17:15:55
2021-04-13 17:15:59,6759692.0,6759693.0,2021-04-13 17:15:59
2021-04-13 17:16:02,6759692.0,6759693.0,2021-04-13 17:16:02
2021-04-13 17:16:05,6759692.0,6759693.0,2021-04-13 17:16:05
2021-04-13 17:16:08,6759692.0,6759693.0,2021-04-13 17:16:08
2021-04-13 17:16:11,6759692.0,6759693.0,2021-04-13 17:16:11
2021-04-13 17:16:14,6762287.0,6762288.0,2021-04-13 17:16:14
2021-04-13 17:16:17,6762287.0,6762288.0,2021-04-13 17:16:17
2021-04-13 17:16:20,6768677.0,6777777.0,2021-04-13 17:16:20
2021-04-13 17:16:23,6777776.0,6777777.0,2021-04-13 17:16:23
2021-04-13 17:16:26,6783582.0,6783583.0,2021-04-13 17:16:26
2021-04-13 17:16:29,6782879.0,6783480.0,2021-04-13 17:16:29
2021-04-13 17:16:33,6778261.0,6778688.0,2021-04-13 17:16:33
2021-04-13 17:16:36,6778715.0,6778716.0,2021-04-13 17:16:36
2021-04-13 17:16:39,6782610.0,6783580.0,2021-04-13 17:16:39
2021-04-13 17:16:43,6781846.0,6783579.0,2021-04-13 17:16:43
2021-04-13 17:16:46,6781103.0,6781104.0,2021-04-13 17:16:46
2021-04-13 17:16:49,6781103.0,6781104.0,2021-04-13 17:16:49
2021-04-13 17:16:52,6782869.0,6783583.0,2021-04-13 17:16:52
2021-04-13 17:16:56,6783582.0,6783583.0,2021-04-13 17:16:55
2021-04-13 17:16:59,6783596.0,6783609.0,2021-04-13 17:16:59
2021-04-13 17:17:02,6785001.0,6785004.0,2021-04-13 17:17:02
2021-04-13 17:17:05,6783592.0,6783593.0,2021-04-13 17:17:05
2021-04-13 17:17:08,6774233.0,6775010.0,2021-04-13 17:17:08
2021-04-13 17:17:11,6770010.0,6770011.0,2021-04-13 17:17:11
2021-04-13 17:17:14,6775007.0,6775454.0,2021-04-13 17:17:14
2021-04-13 17:17:17,6777871.0,6779777.0,2021-04-13 17:17:17
2021-04-13 17:17:20,6783596.0,6787872.0,2021-04-13 17:17:20
2021-04-13 17:17:23,6787112.0,6787926.0,2021-04-13 17:17:23
2021-04-13 17:17:27,6784982.0,6788401.0,2021-04-13 17:17:26
2021-04-13 17:17:30,6788620.0,6789000.0,2021-04-13 17:17:30
2021-04-13 17:17:33,6791113.0,6793000.0,2021-04-13 17:17:33
2021-04-13 17:17:36,6792999.0,6793000.0,2021-04-13 17:17:36
2021-04-13 17:17:39,6794000.0,6794302.0,2021-04-13 17:17:39
2021-04-13 17:17:42,6798562.0,6798565.0,2021-04-13 17:17:42
2021-04-13 17:17:45,6799999.0,6800000.0,2021-04-13 17:17:45
2021-04-13 17:17:48,6799999.0,6800000.0,2021-04-13 17:17:48
2021-04-13 17:17:52,6799999.0,6800000.0,2021-04-13 17:17:51
2021-04-13 17:17:55,6801567.0,6801568.0,2021-04-13 17:17:55
2021-04-13 17:17:58,6801567.0,6801568.0,2021-04-13 17:17:58
2021-04-13 17:18:01,6801567.0,6801568.0,2021-04-13 17:18:01
2021-04-13 17:18:04,6801566.0,6801567.0,2021-04-13 17:18:04
2021-04-13 17:18:07,6801997.0,6801998.0,2021-04-13 17:18:07
2021-04-13 17:18:10,6800199.0,6801078.0,2021-04-13 17:18:10
2021-04-13 17:18:13,6800199.0,6801075.0,2021-04-13 17:18:13
2021-04-13 17:18:16,6800572.0,6801067.0,2021-04-13 17:18:16
2021-04-13 17:18:20,6801066.0,6801075.0,2021-04-13 17:18:19
2021-04-13 17:18:23,6801068.0,6801071.0,2021-04-13 17:18:23
2021-04-13 17:18:26,6801062.0,6801064.0,2021-04-13 17:18:26
2021-04-13 17:18:29,6801071.0,6805162.0,2021-04-13 17:18:29
2021-04-13 17:18:32,6805160.0,6805161.0,2021-04-13 17:18:32
2021-04-13 17:18:35,6805160.0,6805161.0,2021-04-13 17:18:35
2021-04-13 17:18:38,6805163.0,6809998.0,2021-04-13 17:18:38
2021-04-13 17:18:41,6807419.0,6807420.0,2021-04-13 17:18:41
2021-04-13 17:18:44,6807419.0,6807420.0,2021-04-13 17:18:44
2021-04-13 17:18:47,6807419.0,6807420.0,2021-04-13 17:18:47
2021-04-13 17:18:50,6808002.0,6809160.0,2021-04-13 17:18:50
2021-04-13 17:18:53,6809157.0,6809158.0,2021-04-13 17:18:53
2021-04-13 17:18:56,6808351.0,6809157.0,2021-04-13 17:18:56
2021-04-13 17:18:59,6808350.0,6809157.0,2021-04-13 17:18:59
2021-04-13 17:19:02,6808007.0,6809151.0,2021-04-13 17:19:02
2021-04-13 17:19:05,6809157.0,6809996.0,2021-04-13 17:19:05
2021-04-13 17:19:08,6809995.0,6809996.0,2021-04-13 17:19:08
2021-04-13 17:19:11,6809995.0,6810000.0,2021-04-13 17:19:11
2021-04-13 17:19:15,6810000.0,6810001.0,2021-04-13 17:19:15
2021-04-13 17:19:18,6817227.0,6817228.0,2021-04-13 17:19:18
2021-04-13 17:19:21,6824494.0,6824521.0,2021-04-13 17:19:21
2021-04-13 17:19:24,6824520.0,6824521.0,2021-04-13 17:19:24
2021-04-13 17:19:27,6824520.0,6824521.0,2021-04-13 17:19:27
2021-04-13 17:19:30,6824520.0,6824521.0,2021-04-13 17:19:30
2021-04-13 17:19:34,6820711.0,6820712.0,2021-04-13 17:19:34
2021-04-13 17:19:37,6820712.0,6820744.0,2021-04-13 17:19:37
2021-04-13 17:19:40,6824438.0,6824439.0,2021-04-13 17:19:40
2021-04-13 17:19:43,6824544.0,6824545.0,2021-04-13 17:19:43
2021-04-13 17:19:46,6824544.0,6824545.0,2021-04-13 17:19:46
2021-04-13 17:19:50,6824544.0,6824545.0,2021-04-13 17:19:49
2021-04-13 17:19:53,6824544.0,6824545.0,2021-04-13 17:19:53
2021-04-13 17:19:56,6827999.0,6828000.0,2021-04-13 17:19:56
2021-04-13 17:19:59,6827999.0,6828000.0,2021-04-13 17:19:59
2021-04-13 17:20:02,6827999.0,6828000.0,2021-04-13 17:20:02
2021-04-13 17:20:05,6828005.0,6829999.0,2021-04-13 17:20:05
2021-04-13 17:20:08,6820801.0,6824527.0,2021-04-13 17:20:08
2021-04-13 17:20:11,6820801.0,6824527.0,2021-04-13 17:20:11
2021-04-13 17:20:14,6820801.0,6824527.0,2021-04-13 17:20:14
2021-04-13 17:20:18,6820801.0,6824527.0,2021-04-13 17:20:17
2021-04-13 17:20:21,6827287.0,6827288.0,2021-04-13 17:20:21
2021-04-13 17:20:24,6827920.0,6827921.0,2021-04-13 17:20:24
2021-04-13 17:20:27,6827993.0,6829999.0,2021-04-13 17:20:27
2021-04-13 17:20:30,6829994.0,6829996.0,2021-04-13 17:20:30
2021-04-13 17:20:33,6829999.0,6830000.0,2021-04-13 17:20:33
2021-04-13 17:20:36,6829999.0,6830000.0,2021-04-13 17:20:36
2021-04-13 17:20:39,6829999.0,6830000.0,2021-04-13 17:20:39
2021-04-13 17:20:42,6830023.0,6830801.0,2021-04-13 17:20:42
2021-04-13 17:20:45,6830800.0,6830801.0,2021-04-13 17:20:45
2021-04-13 17:20:48,6830895.0,6830896.0,2021-04-13 17:20:48
2021-04-13 17:20:51,6830899.0,6830900.0,2021-04-13 17:20:51
2021-04-13 17:20:54,6830899.0,6830900.0,2021-04-13 17:20:54
2021-04-13 17:20:57,6830899.0,6830900.0,2021-04-13 17:20:57
2021-04-13 17:21:00,6830899.0,6830900.0,2021-04-13 17:21:00
2021-04-13 17:21:03,6830900.0,6830918.0,2021-04-13 17:21:03
2021-04-13 17:21:06,6830899.0,6830900.0,2021-04-13 17:21:06
2021-04-13 17:21:09,6830899.0,6830900.0,2021-04-13 17:21:09
2021-04-13 17:21:13,6830899.0,6830900.0,2021-04-13 17:21:13
2021-04-13 17:21:16,6830021.0,6830896.0,2021-04-13 17:21:16
2021-04-13 17:21:19,6830001.0,6830007.0,2021-04-13 17:21:19
2021-04-13 17:21:22,6827691.0,6827692.0,2021-04-13 17:21:22
2021-04-13 17:21:26,6830001.0,6830002.0,2021-04-13 17:21:26
2021-04-13 17:21:29,6830001.0,6830002.0,2021-04-13 17:21:29
2021-04-13 17:21:32,6830015.0,6830900.0,2021-04-13 17:21:32
2021-04-13 17:21:35,6830899.0,6830900.0,2021-04-13 17:21:35
2021-04-13 17:21:38,6830899.0,6830900.0,2021-04-13 17:21:38
2021-04-13 17:21:42,6832011.0,6832723.0,2021-04-13 17:21:41
2021-04-13 17:21:45,6833999.0,6834000.0,2021-04-13 17:21:45
2021-04-13 17:21:48,6834562.0,6839996.0,2021-04-13 17:21:48
2021-04-13 17:21:51,6839995.0,6839996.0,2021-04-13 17:21:51
2021-04-13 17:21:54,6841514.0,6841515.0,2021-04-13 17:21:54
2021-04-13 17:21:57,6845800.0,6845801.0,2021-04-13 17:21:57
2021-04-13 17:22:00,6851401.0,6851402.0,2021-04-13 17:22:00
2021-04-13 17:22:04,6847502.0,6848001.0,2021-04-13 17:22:03
2021-04-13 17:22:07,6851598.0,6853095.0,2021-04-13 17:22:07
2021-04-13 17:22:10,6853092.0,6853095.0,2021-04-13 17:22:10
2021-04-13 17:22:13,6853094.0,6853095.0,2021-04-13 17:22:13
2021-04-13 17:22:16,6851597.0,6852201.0,2021-04-13 17:22:16
2021-04-13 17:22:19,6852197.0,6853124.0,2021-04-13 17:22:19
2021-04-13 17:22:22,6852352.0,6853114.0,2021-04-13 17:22:22
2021-04-13 17:22:25,6852353.0,6852354.0,2021-04-13 17:22:25
2021-04-13 17:22:28,6851402.0,6852353.0,2021-04-13 17:22:28
2021-04-13 17:22:31,6848001.0,6849537.0,2021-04-13 17:22:31
2021-04-13 17:22:35,6840657.0,6847998.0,2021-04-13 17:22:34
2021-04-13 17:22:38,6840322.0,6841932.0,2021-04-13 17:22:38
2021-04-13 17:22:41,6834344.0,6835554.0,2021-04-13 17:22:41
2021-04-13 17:22:44,6835350.0,6835552.0,2021-04-13 17:22:44
2021-04-13 17:22:47,6832699.0,6834469.0,2021-04-13 17:22:47
2021-04-13 17:22:50,6834467.0,6834470.0,2021-04-13 17:22:50
2021-04-13 17:22:53,6835552.0,6835571.0,2021-04-13 17:22:53
2021-04-13 17:22:56,6835568.0,6837295.0,2021-04-13 17:22:56
2021-04-13 17:22:59,6836286.0,6837292.0,2021-04-13 17:22:59
2021-04-13 17:23:03,6839323.0,6843006.0,2021-04-13 17:23:02
2021-04-13 17:23:06,6845001.0,6846720.0,2021-04-13 17:23:06
2021-04-13 17:23:09,6844679.0,6846715.0,2021-04-13 17:23:09
2021-04-13 17:23:12,6845050.0,6852998.0,2021-04-13 17:23:12
2021-04-13 17:23:15,6845786.0,6852993.0,2021-04-13 17:23:15
2021-04-13 17:23:18,6845368.0,6845372.0,2021-04-13 17:23:18
2021-04-13 17:23:21,6851597.0,6852987.0,2021-04-13 17:23:21
2021-04-13 17:23:24,6851036.0,6852980.0,2021-04-13 17:23:24
2021-04-13 17:23:27,6851827.0,6852992.0,2021-04-13 17:23:27
2021-04-13 17:23:30,6849213.0,6851086.0,2021-04-13 17:23:30
2021-04-13 17:23:34,6850800.0,6851032.0,2021-04-13 17:23:33
2021-04-13 17:23:37,6845750.0,6849971.0,2021-04-13 17:23:37
2021-04-13 17:23:40,6848428.0,6848919.0,2021-04-13 17:23:40
2021-04-13 17:23:43,6845750.0,6848912.0,2021-04-13 17:23:43
2021-04-13 17:23:46,6846885.0,6848595.0,2021-04-13 17:23:46
2021-04-13 17:23:49,6846885.0,6848595.0,2021-04-13 17:23:49
2021-04-13 17:23:52,6846885.0,6848595.0,2021-04-13 17:23:52
2021-04-13 17:23:55,6848926.0,6848927.0,2021-04-13 17:23:55
2021-04-13 17:23:58,6848925.0,6848926.0,2021-04-13 17:23:58
2021-04-13 17:24:01,6848942.0,6848943.0,2021-04-13 17:24:01
2021-04-13 17:24:04,6848942.0,6848943.0,2021-04-13 17:24:04
2021-04-13 17:24:07,6850030.0,6854995.0,2021-04-13 17:24:07
2021-04-13 17:24:10,6848594.0,6848891.0,2021-04-13 17:24:10
2021-04-13 17:24:13,6848000.0,6848887.0,2021-04-13 17:24:13
2021-04-13 17:24:16,6848884.0,6848886.0,2021-04-13 17:24:16
2021-04-13 17:24:19,6848885.0,6848886.0,2021-04-13 17:24:19
2021-04-13 17:24:23,6848883.0,6848884.0,2021-04-13 17:24:22
2021-04-13 17:24:26,6848000.0,6848882.0,2021-04-13 17:24:26
2021-04-13 17:24:29,6845000.0,6847997.0,2021-04-13 17:24:29
2021-04-13 17:24:32,6843531.0,6848411.0,2021-04-13 17:24:32
2021-04-13 17:24:35,6840854.0,6842508.0,2021-04-13 17:24:35
2021-04-13 17:24:38,6840854.0,6842507.0,2021-04-13 17:24:38
2021-04-13 17:24:41,6840854.0,6842507.0,2021-04-13 17:24:41
2021-04-13 17:24:44,6840854.0,6842507.0,2021-04-13 17:24:44
2021-04-13 17:24:47,6831056.0,6833298.0,2021-04-13 17:24:47
2021-04-13 17:24:50,6829995.0,6829996.0,2021-04-13 17:24:50
2021-04-13 17:24:53,6829998.0,6833298.0,2021-04-13 17:24:53
2021-04-13 17:24:56,6830740.0,6833289.0,2021-04-13 17:24:56
2021-04-13 17:24:59,6830752.0,6830753.0,2021-04-13 17:24:59
2021-04-13 17:25:02,6830000.0,6830749.0,2021-04-13 17:25:02
2021-04-13 17:25:05,6830000.0,6830745.0,2021-04-13 17:25:05
2021-04-13 17:25:08,6830000.0,6830741.0,2021-04-13 17:25:08
2021-04-13 17:25:11,6824645.0,6826734.0,2021-04-13 17:25:11
2021-04-13 17:25:15,6820704.0,6822199.0,2021-04-13 17:25:14
2021-04-13 17:25:18,6816060.0,6818053.0,2021-04-13 17:25:18
2021-04-13 17:25:21,6809001.0,6816000.0,2021-04-13 17:25:21
2021-04-13 17:25:24,6811897.0,6811914.0,2021-04-13 17:25:24
2021-04-13 17:25:27,6811912.0,6813464.0,2021-04-13 17:25:27
2021-04-13 17:25:30,6815987.0,6815990.0,2021-04-13 17:25:30
2021-04-13 17:25:33,6815999.0,6816000.0,2021-04-13 17:25:33
2021-04-13 17:25:36,6815999.0,6816000.0,2021-04-13 17:25:36
2021-04-13 17:25:39,6813233.0,6815165.0,2021-04-13 17:25:39
2021-04-13 17:25:42,6815158.0,6815160.0,2021-04-13 17:25:42
2021-04-13 17:25:45,6815993.0,6815999.0,2021-04-13 17:25:45
2021-04-13 17:25:48,6815091.0,6815158.0,2021-04-13 17:25:48
2021-04-13 17:25:51,6815091.0,6815155.0,2021-04-13 17:25:51
2021-04-13 17:25:54,6815091.0,6815092.0,2021-04-13 17:25:54
2021-04-13 17:25:57,6815091.0,6815092.0,2021-04-13 17:25:57
2021-04-13 17:26:00,6815997.0,6815999.0,2021-04-13 17:26:00
2021-04-13 17:26:03,6815998.0,6815999.0,2021-04-13 17:26:03
2021-04-13 17:26:06,6815998.0,6815999.0,2021-04-13 17:26:06
2021-04-13 17:26:09,6816009.0,6816010.0,2021-04-13 17:26:09
2021-04-13 17:26:13,6816009.0,6816010.0,2021-04-13 17:26:12
2021-04-13 17:26:16,6816009.0,6816010.0,2021-04-13 17:26:16
2021-04-13 17:26:19,6817503.0,6818802.0,2021-04-13 17:26:19
2021-04-13 17:26:22,6818884.0,6819571.0,2021-04-13 17:26:22
2021-04-13 17:26:25,6821530.0,6821531.0,2021-04-13 17:26:25
2021-04-13 17:26:28,6822221.0,6822507.0,2021-04-13 17:26:28
2021-04-13 17:26:31,6822506.0,6824010.0,2021-04-13 17:26:31
2021-04-13 17:26:34,6824009.0,6824010.0,2021-04-13 17:26:34
2021-04-13 17:26:37,6824399.0,6825002.0,2021-04-13 17:26:37
2021-04-13 17:26:40,6828390.0,6829459.0,2021-04-13 17:26:40
2021-04-13 17:26:43,6828355.0,6828358.0,2021-04-13 17:26:43
2021-04-13 17:26:46,6828357.0,6828359.0,2021-04-13 17:26:46
2021-04-13 17:26:49,6828358.0,6828359.0,2021-04-13 17:26:49
2021-04-13 17:26:52,6830800.0,6830801.0,2021-04-13 17:26:52
2021-04-13 17:26:55,6828358.0,6830468.0,2021-04-13 17:26:55
2021-04-13 17:26:58,6825199.0,6827475.0,2021-04-13 17:26:58
2021-04-13 17:27:01,6826297.0,6827467.0,2021-04-13 17:27:01
2021-04-13 17:27:05,6827464.0,6827465.0,2021-04-13 17:27:04
2021-04-13 17:27:08,6827464.0,6827465.0,2021-04-13 17:27:08
2021-04-13 17:27:11,6827464.0,6827465.0,2021-04-13 17:27:11
2021-04-13 17:27:14,6827464.0,6827465.0,2021-04-13 17:27:14
2021-04-13 17:27:17,6827464.0,6827465.0,2021-04-13 17:27:17
2021-04-13 17:27:20,6830469.0,6831514.0,2021-04-13 17:27:20
2021-04-13 17:27:23,6831533.0,6831534.0,2021-04-13 17:27:23
2021-04-13 17:27:26,6831533.0,6831534.0,2021-04-13 17:27:26
2021-04-13 17:27:29,6831533.0,6831534.0,2021-04-13 17:27:29
2021-04-13 17:27:32,6831533.0,6831534.0,2021-04-13 17:27:32
2021-04-13 17:27:35,6831533.0,6831534.0,2021-04-13 17:27:35
2021-04-13 17:27:38,6831533.0,6831534.0,2021-04-13 17:27:38
2021-04-13 17:27:41,6835997.0,6836000.0,2021-04-13 17:27:41
2021-04-13 17:27:44,6836000.0,6837440.0,2021-04-13 17:27:44
2021-04-13 17:27:47,6839993.0,6839994.0,2021-04-13 17:27:47
2021-04-13 17:27:50,6839826.0,6839992.0,2021-04-13 17:27:50
2021-04-13 17:27:53,6833185.0,6837437.0,2021-04-13 17:27:53
2021-04-13 17:27:56,6837427.0,6837429.0,2021-04-13 17:27:56
2021-04-13 17:27:59,6837427.0,6837494.0,2021-04-13 17:27:59
2021-04-13 17:28:03,6837493.0,6837494.0,2021-04-13 17:28:02
2021-04-13 17:28:06,6837988.0,6839997.0,2021-04-13 17:28:06
2021-04-13 17:28:09,6839850.0,6839993.0,2021-04-13 17:28:09
2021-04-13 17:28:12,6840792.0,6840795.0,2021-04-13 17:28:12
2021-04-13 17:28:15,6842301.0,6843298.0,2021-04-13 17:28:15
2021-04-13 17:28:18,6843297.0,6843298.0,2021-04-13 17:28:18
2021-04-13 17:28:21,6843297.0,6843298.0,2021-04-13 17:28:21
2021-04-13 17:28:24,6843294.0,6843297.0,2021-04-13 17:28:24
2021-04-13 17:28:27,6840000.0,6840890.0,2021-04-13 17:28:27
2021-04-13 17:28:30,6834803.0,6837023.0,2021-04-13 17:28:30
2021-04-13 17:28:33,6833186.0,6834803.0,2021-04-13 17:28:33
2021-04-13 17:28:36,6833187.0,6834798.0,2021-04-13 17:28:36
2021-04-13 17:28:39,6833187.0,6834794.0,2021-04-13 17:28:39
2021-04-13 17:28:42,6834820.0,6840801.0,2021-04-13 17:28:42
2021-04-13 17:28:45,6840800.0,6840801.0,2021-04-13 17:28:45
2021-04-13 17:28:48,6840800.0,6840801.0,2021-04-13 17:28:48
2021-04-13 17:28:51,6839540.0,6840203.0,2021-04-13 17:28:51
2021-04-13 17:28:54,6837821.0,6838356.0,2021-04-13 17:28:54
2021-04-13 17:28:58,6835199.0,6836412.0,2021-04-13 17:28:57
2021-04-13 17:29:01,6835199.0,6836411.0,2021-04-13 17:29:01
2021-04-13 17:29:04,6839622.0,6841062.0,2021-04-13 17:29:04
2021-04-13 17:29:07,6841890.0,6842289.0,2021-04-13 17:29:07
2021-04-13 17:29:10,6843296.0,6843297.0,2021-04-13 17:29:10
2021-04-13 17:29:13,6845799.0,6845801.0,2021-04-13 17:29:13
2021-04-13 17:29:16,6845800.0,6846461.0,2021-04-13 17:29:16
2021-04-13 17:29:19,6839665.0,6845553.0,2021-04-13 17:29:19
2021-04-13 17:29:22,6841600.0,6845545.0,2021-04-13 17:29:22
2021-04-13 17:29:25,6845552.0,6845553.0,2021-04-13 17:29:25
2021-04-13 17:29:28,6845000.0,6845550.0,2021-04-13 17:29:28
2021-04-13 17:29:31,6845542.0,6845543.0,2021-04-13 17:29:31
2021-04-13 17:29:34,6846866.0,6855038.0,2021-04-13 17:29:34
2021-04-13 17:29:37,6845549.0,6855039.0,2021-04-13 17:29:37
2021-04-13 17:29:40,6845549.0,6855039.0,2021-04-13 17:29:40
2021-04-13 17:29:44,6845551.0,6847554.0,2021-04-13 17:29:43
2021-04-13 17:29:47,6845551.0,6847401.0,2021-04-13 17:29:47
2021-04-13 17:29:50,6845551.0,6849950.0,2021-04-13 17:29:50
2021-04-13 17:29:53,6845551.0,6849950.0,2021-04-13 17:29:53
2021-04-13 17:29:56,6845551.0,6849950.0,2021-04-13 17:29:56
2021-04-13 17:29:59,6844999.0,6845000.0,2021-04-13 17:29:59
2021-04-13 17:30:02,6844999.0,6845000.0,2021-04-13 17:30:02
2021-04-13 17:30:05,6844999.0,6845000.0,2021-04-13 17:30:05
2021-04-13 17:30:08,6844999.0,6845000.0,2021-04-13 17:30:08
2021-04-13 17:30:11,6844999.0,6845000.0,2021-04-13 17:30:11
2021-04-13 17:30:14,6844999.0,6845000.0,2021-04-13 17:30:14
2021-04-13 17:30:18,6844999.0,6845000.0,2021-04-13 17:30:18
2021-04-13 17:30:21,6844999.0,6845000.0,2021-04-13 17:30:21
2021-04-13 17:30:24,6848300.0,6851999.0,2021-04-13 17:30:24
2021-04-13 17:30:27,6851999.0,6852000.0,2021-04-13 17:30:27
2021-04-13 17:30:30,6851999.0,6854185.0,2021-04-13 17:30:30
2021-04-13 17:30:34,6851999.0,6852000.0,2021-04-13 17:30:34
2021-04-13 17:30:37,6854173.0,6855361.0,2021-04-13 17:30:37
2021-04-13 17:30:40,6853425.0,6855357.0,2021-04-13 17:30:40
2021-04-13 17:30:44,6852647.0,6852648.0,2021-04-13 17:30:43
2021-04-13 17:30:47,6851999.0,6852009.0,2021-04-13 17:30:47
2021-04-13 17:30:50,6851998.0,6851999.0,2021-04-13 17:30:50
2021-04-13 17:30:53,6851998.0,6851999.0,2021-04-13 17:30:53
2021-04-13 17:30:56,6851998.0,6851999.0,2021-04-13 17:30:56
2021-04-13 17:31:00,6852619.0,6856328.0,2021-04-13 17:31:00
2021-04-13 17:31:03,6857976.0,6857977.0,2021-04-13 17:31:03
2021-04-13 17:31:06,6860076.0,6860225.0,2021-04-13 17:31:06
2021-04-13 17:31:09,6866704.0,6866705.0,2021-04-13 17:31:09
2021-04-13 17:31:12,6869999.0,6870000.0,2021-04-13 17:31:12
2021-04-13 17:31:15,6875457.0,6877397.0,2021-04-13 17:31:15
2021-04-13 17:31:19,6877015.0,6877877.0,2021-04-13 17:31:19
2021-04-13 17:31:22,6875801.0,6876999.0,2021-04-13 17:31:22
2021-04-13 17:31:25,6872505.0,6875801.0,2021-04-13 17:31:25
2021-04-13 17:31:28,6872000.0,6872740.0,2021-04-13 17:31:28
2021-04-13 17:31:31,6868714.0,6869819.0,2021-04-13 17:31:31
2021-04-13 17:31:34,6869817.0,6869818.0,2021-04-13 17:31:34
2021-04-13 17:31:38,6869817.0,6869818.0,2021-04-13 17:31:37
2021-04-13 17:31:41,6869817.0,6869818.0,2021-04-13 17:31:41
2021-04-13 17:31:45,6869817.0,6869818.0,2021-04-13 17:31:45
2021-04-13 17:31:48,6869817.0,6869818.0,2021-04-13 17:31:48
2021-04-13 17:31:51,6869817.0,6869818.0,2021-04-13 17:31:51
2021-04-13 17:31:54,6869817.0,6869818.0,2021-04-13 17:31:54
2021-04-13 17:31:57,6869817.0,6869818.0,2021-04-13 17:31:57
2021-04-13 17:32:00,6869817.0,6869818.0,2021-04-13 17:32:00
2021-04-13 17:32:03,6869817.0,6869818.0,2021-04-13 17:32:03
2021-04-13 17:32:06,6869634.0,6869816.0,2021-04-13 17:32:06
2021-04-13 17:32:09,6869097.0,6869814.0,2021-04-13 17:32:09
2021-04-13 17:32:12,6869813.0,6869814.0,2021-04-13 17:32:12
2021-04-13 17:32:15,6869816.0,6869817.0,2021-04-13 17:32:15
2021-04-13 17:32:18,6869816.0,6869817.0,2021-04-13 17:32:18
2021-04-13 17:32:21,6871774.0,6872201.0,2021-04-13 17:32:21
2021-04-13 17:32:25,6870000.0,6871664.0,2021-04-13 17:32:24
2021-04-13 17:32:28,6868001.0,6869813.0,2021-04-13 17:32:28
2021-04-13 17:32:32,6867501.0,6867994.0,2021-04-13 17:32:32
2021-04-13 17:32:35,6867501.0,6867986.0,2021-04-13 17:32:35
2021-04-13 17:32:38,6865751.0,6865752.0,2021-04-13 17:32:38
2021-04-13 17:32:41,6860301.0,6865750.0,2021-04-13 17:32:41
2021-04-13 17:32:44,6859987.0,6859988.0,2021-04-13 17:32:44
2021-04-13 17:32:47,6859987.0,6859988.0,2021-04-13 17:32:47
2021-04-13 17:32:50,6858075.0,6859982.0,2021-04-13 17:32:50
2021-04-13 17:32:53,6853035.0,6857544.0,2021-04-13 17:32:53
2021-04-13 17:32:56,6854849.0,6857537.0,2021-04-13 17:32:56
2021-04-13 17:32:59,6857457.0,6857536.0,2021-04-13 17:32:59
2021-04-13 17:33:03,6857009.0,6859105.0,2021-04-13 17:33:03
2021-04-13 17:33:06,6859103.0,6859105.0,2021-04-13 17:33:06
2021-04-13 17:33:09,6859109.0,6859110.0,2021-04-13 17:33:09
2021-04-13 17:33:12,6859109.0,6859110.0,2021-04-13 17:33:12
2021-04-13 17:33:15,6859109.0,6859110.0,2021-04-13 17:33:15
2021-04-13 17:33:18,6859999.0,6860000.0,2021-04-13 17:33:18
2021-04-13 17:33:22,6867985.0,6869576.0,2021-04-13 17:33:21
2021-04-13 17:33:25,6869443.0,6869574.0,2021-04-13 17:33:25
2021-04-13 17:33:28,6869440.0,6869442.0,2021-04-13 17:33:28
2021-04-13 17:33:31,6866392.0,6868170.0,2021-04-13 17:33:31
2021-04-13 17:33:34,6864913.0,6868163.0,2021-04-13 17:33:34
2021-04-13 17:33:37,6864696.0,6865757.0,2021-04-13 17:33:37
2021-04-13 17:33:40,6865225.0,6865745.0,2021-04-13 17:33:40
2021-04-13 17:33:43,6865746.0,6865747.0,2021-04-13 17:33:43
2021-04-13 17:33:46,6868154.0,6869388.0,2021-04-13 17:33:46
2021-04-13 17:33:49,6867722.0,6869388.0,2021-04-13 17:33:49
2021-04-13 17:33:52,6869386.0,6869387.0,2021-04-13 17:33:52
2021-04-13 17:33:55,6868668.0,6869388.0,2021-04-13 17:33:55
2021-04-13 17:33:58,6867640.0,6869384.0,2021-04-13 17:33:58
2021-04-13 17:34:01,6865656.0,6866603.0,2021-04-13 17:34:01
2021-04-13 17:34:04,6866598.0,6866599.0,2021-04-13 17:34:04
2021-04-13 17:34:07,6868451.0,6868512.0,2021-04-13 17:34:07
2021-04-13 17:34:10,6868451.0,6868508.0,2021-04-13 17:34:10
2021-04-13 17:34:14,6865050.0,6867792.0,2021-04-13 17:34:13
2021-04-13 17:34:17,6866550.0,6867790.0,2021-04-13 17:34:17
2021-04-13 17:34:20,6865746.0,6865747.0,2021-04-13 17:34:20
2021-04-13 17:34:23,6860200.0,6865745.0,2021-04-13 17:34:23
2021-04-13 17:34:26,6855004.0,6861793.0,2021-04-13 17:34:26
2021-04-13 17:34:29,6855002.0,6855577.0,2021-04-13 17:34:29
2021-04-13 17:34:32,6855002.0,6855573.0,2021-04-13 17:34:32
2021-04-13 17:34:35,6852699.0,6854025.0,2021-04-13 17:34:35
2021-04-13 17:34:38,6850011.0,6853927.0,2021-04-13 17:34:38
2021-04-13 17:34:41,6844450.0,6849997.0,2021-04-13 17:34:41
2021-04-13 17:34:44,6842503.0,6848072.0,2021-04-13 17:34:44
2021-04-13 17:34:47,6844497.0,6848301.0,2021-04-13 17:34:47
2021-04-13 17:34:50,6843408.0,6848295.0,2021-04-13 17:34:50
2021-04-13 17:34:53,6846215.0,6848292.0,2021-04-13 17:34:53
2021-04-13 17:34:56,6846472.0,6848289.0,2021-04-13 17:34:56
2021-04-13 17:34:59,6848177.0,6848180.0,2021-04-13 17:34:59
2021-04-13 17:35:02,6848292.0,6848293.0,2021-04-13 17:35:02
2021-04-13 17:35:06,6855165.0,6855573.0,2021-04-13 17:35:06
2021-04-13 17:35:09,6855572.0,6855573.0,2021-04-13 17:35:09
2021-04-13 17:35:13,6855572.0,6855573.0,2021-04-13 17:35:12
2021-04-13 17:35:16,6855572.0,6855573.0,2021-04-13 17:35:16
2021-04-13 17:35:19,6855473.0,6855572.0,2021-04-13 17:35:19
2021-04-13 17:35:22,6850726.0,6855001.0,2021-04-13 17:35:22
2021-04-13 17:35:25,6848292.0,6848419.0,2021-04-13 17:35:25
2021-04-13 17:35:28,6848292.0,6848293.0,2021-04-13 17:35:28
2021-04-13 17:35:31,6848292.0,6848293.0,2021-04-13 17:35:31
2021-04-13 17:35:34,6848292.0,6848293.0,2021-04-13 17:35:34
2021-04-13 17:35:38,6843276.0,6848284.0,2021-04-13 17:35:38
2021-04-13 17:35:41,6842831.0,6843867.0,2021-04-13 17:35:41
2021-04-13 17:35:44,6842829.0,6842830.0,2021-04-13 17:35:44
2021-04-13 17:35:47,6842829.0,6842830.0,2021-04-13 17:35:47
2021-04-13 17:35:51,6842829.0,6848301.0,2021-04-13 17:35:50
2021-04-13 17:35:54,6845589.0,6848425.0,2021-04-13 17:35:54
2021-04-13 17:35:57,6845598.0,6848426.0,2021-04-13 17:35:57
2021-04-13 17:36:00,6845599.0,6845600.0,2021-04-13 17:36:00
2021-04-13 17:36:03,6843609.0,6843610.0,2021-04-13 17:36:03
2021-04-13 17:36:06,6843609.0,6843610.0,2021-04-13 17:36:06
2021-04-13 17:36:09,6843609.0,6843610.0,2021-04-13 17:36:09
2021-04-13 17:36:12,6845599.0,6845600.0,2021-04-13 17:36:12
2021-04-13 17:36:16,6848425.0,6848426.0,2021-04-13 17:36:16
2021-04-13 17:36:19,6848425.0,6855573.0,2021-04-13 17:36:19
2021-04-13 17:36:22,6852207.0,6855571.0,2021-04-13 17:36:22
2021-04-13 17:36:25,6853536.0,6855569.0,2021-04-13 17:36:25
2021-04-13 17:36:29,6851190.0,6855558.0,2021-04-13 17:36:29
2021-04-13 17:36:32,6851452.0,6855553.0,2021-04-13 17:36:32
2021-04-13 17:36:35,6851456.0,6855545.0,2021-04-13 17:36:35
2021-04-13 17:36:38,6854217.0,6854218.0,2021-04-13 17:36:38
2021-04-13 17:36:41,6854221.0,6855571.0,2021-04-13 17:36:41
2021-04-13 17:36:44,6854217.0,6855567.0,2021-04-13 17:36:44
2021-04-13 17:36:47,6849868.0,6854216.0,2021-04-13 17:36:47
2021-04-13 17:36:50,6852468.0,6852469.0,2021-04-13 17:36:50
2021-04-13 17:36:53,6852468.0,6852469.0,2021-04-13 17:36:53
2021-04-13 17:36:57,6852468.0,6852469.0,2021-04-13 17:36:56
2021-04-13 17:37:00,6852468.0,6852469.0,2021-04-13 17:37:00
2021-04-13 17:37:03,6852468.0,6852469.0,2021-04-13 17:37:03
2021-04-13 17:37:06,6851250.0,6852332.0,2021-04-13 17:37:06
2021-04-13 17:37:09,6850000.0,6851614.0,2021-04-13 17:37:09
2021-04-13 17:37:12,6850000.0,6851305.0,2021-04-13 17:37:12
2021-04-13 17:37:16,6850000.0,6850001.0,2021-04-13 17:37:16
2021-04-13 17:37:19,6850000.0,6850001.0,2021-04-13 17:37:19
2021-04-13 17:37:22,6850000.0,6850001.0,2021-04-13 17:37:22
2021-04-13 17:37:25,6850000.0,6850001.0,2021-04-13 17:37:25
2021-04-13 17:37:28,6850000.0,6850001.0,2021-04-13 17:37:28
2021-04-13 17:37:31,6850000.0,6850001.0,2021-04-13 17:37:31
2021-04-13 17:37:35,6850000.0,6850001.0,2021-04-13 17:37:34
2021-04-13 17:37:38,6850000.0,6850001.0,2021-04-13 17:37:38
2021-04-13 17:37:41,6850000.0,6850001.0,2021-04-13 17:37:41
2021-04-13 17:37:44,6853434.0,6855571.0,2021-04-13 17:37:44
2021-04-13 17:37:47,6851952.0,6855570.0,2021-04-13 17:37:47
2021-04-13 17:37:50,6855570.0,6855571.0,2021-04-13 17:37:50
2021-04-13 17:37:53,6855570.0,6855571.0,2021-04-13 17:37:53
2021-04-13 17:37:56,6855570.0,6855571.0,2021-04-13 17:37:56
2021-04-13 17:37:59,6855570.0,6855571.0,2021-04-13 17:37:59
2021-04-13 17:38:03,6855570.0,6855571.0,2021-04-13 17:38:02
2021-04-13 17:38:06,6857776.0,6858000.0,2021-04-13 17:38:06
2021-04-13 17:38:09,6857999.0,6858000.0,2021-04-13 17:38:09
2021-04-13 17:38:12,6854450.0,6855570.0,2021-04-13 17:38:12
2021-04-13 17:38:15,6857999.0,6858000.0,2021-04-13 17:38:15
2021-04-13 17:38:18,6859318.0,6859999.0,2021-04-13 17:38:18
2021-04-13 17:38:21,6859998.0,6860000.0,2021-04-13 17:38:21
2021-04-13 17:38:24,6859999.0,6860000.0,2021-04-13 17:38:24
2021-04-13 17:38:27,6859999.0,6860000.0,2021-04-13 17:38:27
