timestamp,bid,ask,tick_timestamp
2020-05-07 07:05:55,987901,988112,2020-05-07 07:05:55.123
2020-05-07 07:05:55,987761,988112,2020-05-07 07:05:55.420
2020-05-07 07:05:55,987761,988091,2020-05-07 07:05:55.687
2020-05-07 07:05:56,987761,988090,2020-05-07 07:05:56.298
2020-05-07 07:05:56,987761,988089,2020-05-07 07:05:56.559
2020-05-07 07:05:56,987761,988089,2020-05-07 07:05:56.987
2020-05-07 07:05:57,987761,988089,2020-05-07 07:05:57.252
2020-05-07 07:05:57,987761,988088,2020-05-07 07:05:57.676
2020-05-07 07:05:58,987761,988088,2020-05-07 07:05:58.246
2020-05-07 07:05:58,987761,988087,2020-05-07 07:05:58.532
2020-05-07 07:05:58,987761,988082,2020-05-07 07:05:58.804
2020-05-07 07:05:59,987761,988082,2020-05-07 07:05:59.059
2020-05-07 07:05:59,987761,988081,2020-05-07 07:05:59.333
2020-05-07 07:05:59,987761,988061,2020-05-07 07:05:59.611
2020-05-07 07:05:59,987761,988061,2020-05-07 07:05:59.913
2020-05-07 07:06:00,987761,988060,2020-05-07 07:06:00.325
2020-05-07 07:06:00,987799,988059,2020-05-07 07:06:00.672
2020-05-07 07:06:01,987804,988059,2020-05-07 07:06:01.157
2020-05-07 07:06:01,987804,988059,2020-05-07 07:06:01.766
2020-05-07 07:06:02,987804,988054,2020-05-07 07:06:02.107
2020-05-07 07:06:02,987761,988053,2020-05-07 07:06:02.368
2020-05-07 07:06:02,987847,988053,2020-05-07 07:06:02.646
2020-05-07 07:06:02,987847,988052,2020-05-07 07:06:02.910
2020-05-07 07:06:03,987847,988052,2020-05-07 07:06:03.826
2020-05-07 07:06:04,988038,988050,2020-05-07 07:06:04.100
2020-05-07 07:06:04,987684,988073,2020-05-07 07:06:04.362
2020-05-07 07:06:04,987685,988073,2020-05-07 07:06:04.864
2020-05-07 07:06:05,987685,988038,2020-05-07 07:06:05.127
2020-05-07 07:06:05,987685,988038,2020-05-07 07:06:05.389
2020-05-07 07:06:05,987685,988038,2020-05-07 07:06:05.657
2020-05-07 07:06:05,987656,988033,2020-05-07 07:06:05.935
2020-05-07 07:06:06,987656,988033,2020-05-07 07:06:06.251
2020-05-07 07:06:06,987651,988068,2020-05-07 07:06:06.512
2020-05-07 07:06:06,987661,988032,2020-05-07 07:06:06.820
2020-05-07 07:06:07,987661,988032,2020-05-07 07:06:07.197
2020-05-07 07:06:07,987661,988032,2020-05-07 07:06:07.709
2020-05-07 07:06:08,987661,988027,2020-05-07 07:06:08.002
2020-05-07 07:06:08,987682,988068,2020-05-07 07:06:08.313
2020-05-07 07:06:08,987682,988021,2020-05-07 07:06:08.653
2020-05-07 07:06:08,987682,988021,2020-05-07 07:06:08.929
2020-05-07 07:06:09,987682,988068,2020-05-07 07:06:09.206
2020-05-07 07:06:09,987683,988068,2020-05-07 07:06:09.746
2020-05-07 07:06:10,987683,988068,2020-05-07 07:06:10.659
2020-05-07 07:06:11,987683,988068,2020-05-07 07:06:11.226
2020-05-07 07:06:11,987683,988067,2020-05-07 07:06:11.590
2020-05-07 07:06:11,987659,988353,2020-05-07 07:06:11.885
2020-05-07 07:06:12,987572,988352,2020-05-07 07:06:12.189
2020-05-07 07:06:12,987572,988352,2020-05-07 07:06:12.454
2020-05-07 07:06:12,987661,988352,2020-05-07 07:06:12.747
2020-05-07 07:06:13,987662,988352,2020-05-07 07:06:13.288
2020-05-07 07:06:13,987724,988352,2020-05-07 07:06:13.562
2020-05-07 07:06:13,987724,988352,2020-05-07 07:06:13.915
2020-05-07 07:06:14,987724,988370,2020-05-07 07:06:14.208
2020-05-07 07:06:14,988360,988370,2020-05-07 07:06:14.522
2020-05-07 07:06:15,988360,988370,2020-05-07 07:06:15.010
2020-05-07 07:06:15,988003,988370,2020-05-07 07:06:15.265
2020-05-07 07:06:15,988003,988574,2020-05-07 07:06:15.557
2020-05-07 07:06:15,988004,988369,2020-05-07 07:06:15.834
2020-05-07 07:06:16,988009,988368,2020-05-07 07:06:16.166
2020-05-07 07:06:16,988009,988368,2020-05-07 07:06:16.448
2020-05-07 07:06:16,988009,988368,2020-05-07 07:06:16.750
2020-05-07 07:06:18,988104,988639,2020-05-07 07:06:18.349
2020-05-07 07:06:18,988136,988637,2020-05-07 07:06:18.683
2020-05-07 07:06:18,988136,988637,2020-05-07 07:06:18.940
2020-05-07 07:06:19,988137,988637,2020-05-07 07:06:19.310
2020-05-07 07:06:19,988242,988864,2020-05-07 07:06:19.612
2020-05-07 07:06:19,988315,988864,2020-05-07 07:06:19.868
2020-05-07 07:06:20,988315,988852,2020-05-07 07:06:20.137
2020-05-07 07:06:20,988320,988852,2020-05-07 07:06:20.535
2020-05-07 07:06:20,988321,988868,2020-05-07 07:06:20.808
2020-05-07 07:06:21,988341,988900,2020-05-07 07:06:21.185
2020-05-07 07:06:21,988342,988900,2020-05-07 07:06:21.455
2020-05-07 07:06:21,988346,988900,2020-05-07 07:06:21.715
2020-05-07 07:06:22,988346,988900,2020-05-07 07:06:22.473
2020-05-07 07:06:22,988347,988900,2020-05-07 07:06:22.734
2020-05-07 07:06:22,988900,988944,2020-05-07 07:06:22.995
2020-05-07 07:06:23,988901,988944,2020-05-07 07:06:23.666
2020-05-07 07:06:24,988901,988944,2020-05-07 07:06:24.160
2020-05-07 07:06:24,988939,988944,2020-05-07 07:06:24.420
2020-05-07 07:06:24,988947,989240,2020-05-07 07:06:24.675
2020-05-07 07:06:25,989000,989240,2020-05-07 07:06:25.024
2020-05-07 07:06:26,989001,989240,2020-05-07 07:06:25.308
2020-05-07 07:06:26,989006,989240,2020-05-07 07:06:26.755
2020-05-07 07:06:27,989006,989240,2020-05-07 07:06:27.015
2020-05-07 07:06:27,989006,989240,2020-05-07 07:06:27.327
2020-05-07 07:06:27,989006,989240,2020-05-07 07:06:27.613
2020-05-07 07:06:27,989006,989028,2020-05-07 07:06:27.891
2020-05-07 07:06:28,989006,989028,2020-05-07 07:06:28.172
2020-05-07 07:06:28,989006,989028,2020-05-07 07:06:28.489
2020-05-07 07:06:28,989006,989028,2020-05-07 07:06:28.933
2020-05-07 07:06:29,989006,989028,2020-05-07 07:06:29.197
2020-05-07 07:06:29,989006,989028,2020-05-07 07:06:29.821
2020-05-07 07:06:31,989006,989028,2020-05-07 07:06:31.038
2020-05-07 07:06:31,989006,989050,2020-05-07 07:06:31.343
2020-05-07 07:06:31,988692,989052,2020-05-07 07:06:31.707
2020-05-07 07:06:31,988728,989044,2020-05-07 07:06:31.977
2020-05-07 07:06:32,988728,989044,2020-05-07 07:06:32.244
2020-05-07 07:06:32,988728,989039,2020-05-07 07:06:32.530
2020-05-07 07:06:32,988729,989044,2020-05-07 07:06:32.787
2020-05-07 07:06:33,988729,989044,2020-05-07 07:06:33.089
2020-05-07 07:06:33,988729,989039,2020-05-07 07:06:33.350
2020-05-07 07:06:33,988734,989039,2020-05-07 07:06:33.635
2020-05-07 07:06:33,988735,989038,2020-05-07 07:06:33.909
2020-05-07 07:06:34,988735,989038,2020-05-07 07:06:34.176
2020-05-07 07:06:34,988740,989038,2020-05-07 07:06:34.491
2020-05-07 07:06:34,988740,989033,2020-05-07 07:06:34.777
2020-05-07 07:06:35,988740,989033,2020-05-07 07:06:35.045
2020-05-07 07:06:35,988735,989033,2020-05-07 07:06:35.334
2020-05-07 07:06:35,988741,989033,2020-05-07 07:06:35.597
2020-05-07 07:06:36,988741,989033,2020-05-07 07:06:36.123
2020-05-07 07:06:36,988746,989032,2020-05-07 07:06:36.656
2020-05-07 07:06:36,988767,989027,2020-05-07 07:06:36.928
2020-05-07 07:06:37,988767,989027,2020-05-07 07:06:37.203
2020-05-07 07:06:37,988767,989032,2020-05-07 07:06:37.469
2020-05-07 07:06:37,988767,989027,2020-05-07 07:06:37.751
2020-05-07 07:06:38,988767,989027,2020-05-07 07:06:38.029
2020-05-07 07:06:38,988768,989026,2020-05-07 07:06:38.474
2020-05-07 07:06:38,988768,989026,2020-05-07 07:06:38.821
2020-05-07 07:06:39,988773,989025,2020-05-07 07:06:39.111
2020-05-07 07:06:39,988773,989020,2020-05-07 07:06:39.374
2020-05-07 07:06:39,988767,989020,2020-05-07 07:06:39.655
2020-05-07 07:06:39,988774,989020,2020-05-07 07:06:39.926
2020-05-07 07:06:40,988774,989020,2020-05-07 07:06:40.667
2020-05-07 07:06:40,988780,989014,2020-05-07 07:06:40.941
2020-05-07 07:06:41,988780,989014,2020-05-07 07:06:41.227
2020-05-07 07:06:41,988785,989014,2020-05-07 07:06:41.499
2020-05-07 07:06:41,988786,989014,2020-05-07 07:06:41.781
2020-05-07 07:06:42,988786,989014,2020-05-07 07:06:42.041
2020-05-07 07:06:42,988786,989014,2020-05-07 07:06:42.388
2020-05-07 07:06:42,988791,989013,2020-05-07 07:06:42.640
2020-05-07 07:06:43,988812,989013,2020-05-07 07:06:43.034
2020-05-07 07:06:43,988812,989013,2020-05-07 07:06:43.292
2020-05-07 07:06:43,988812,989008,2020-05-07 07:06:43.671
2020-05-07 07:06:43,988813,989008,2020-05-07 07:06:43.933
2020-05-07 07:06:44,988915,989013,2020-05-07 07:06:44.195
2020-05-07 07:06:44,988915,989008,2020-05-07 07:06:44.471
2020-05-07 07:06:44,988915,989008,2020-05-07 07:06:44.761
2020-05-07 07:06:45,988888,989008,2020-05-07 07:06:45.054
2020-05-07 07:06:45,988815,989007,2020-05-07 07:06:45.327
2020-05-07 07:06:45,988815,989007,2020-05-07 07:06:45.665
2020-05-07 07:06:45,988603,989007,2020-05-07 07:06:45.927
2020-05-07 07:06:46,988603,989007,2020-05-07 07:06:46.192
2020-05-07 07:06:46,988606,989007,2020-05-07 07:06:46.463
2020-05-07 07:06:47,988606,989006,2020-05-07 07:06:47.215
2020-05-07 07:06:47,988162,988606,2020-05-07 07:06:47.529
2020-05-07 07:06:47,988162,988606,2020-05-07 07:06:47.848
2020-05-07 07:06:48,988162,988606,2020-05-07 07:06:48.112
2020-05-07 07:06:48,988162,988606,2020-05-07 07:06:48.394
2020-05-07 07:06:48,988162,988606,2020-05-07 07:06:48.735
2020-05-07 07:06:49,988162,988606,2020-05-07 07:06:49.016
2020-05-07 07:06:49,988162,988606,2020-05-07 07:06:49.337
2020-05-07 07:06:49,988162,988606,2020-05-07 07:06:49.600
2020-05-07 07:06:49,988026,988293,2020-05-07 07:06:49.881
2020-05-07 07:06:50,988026,988292,2020-05-07 07:06:50.139
2020-05-07 07:06:50,988026,988288,2020-05-07 07:06:50.421
2020-05-07 07:06:50,988026,988287,2020-05-07 07:06:50.698
2020-05-07 07:06:50,988026,988287,2020-05-07 07:06:50.962
2020-05-07 07:06:51,988026,988288,2020-05-07 07:06:51.237
2020-05-07 07:06:51,988026,988287,2020-05-07 07:06:51.499
2020-05-07 07:06:51,988026,988304,2020-05-07 07:06:51.817
2020-05-07 07:06:52,988026,988266,2020-05-07 07:06:52.092
2020-05-07 07:06:52,988026,988266,2020-05-07 07:06:52.382
2020-05-07 07:06:52,988026,988266,2020-05-07 07:06:52.653
2020-05-07 07:06:52,988026,988261,2020-05-07 07:06:52.971
2020-05-07 07:06:53,988026,988261,2020-05-07 07:06:53.270
2020-05-07 07:06:53,988026,988261,2020-05-07 07:06:53.590
2020-05-07 07:06:54,988027,988261,2020-05-07 07:06:54.065
2020-05-07 07:06:54,988027,988261,2020-05-07 07:06:54.341
2020-05-07 07:06:54,988014,988261,2020-05-07 07:06:54.600
2020-05-07 07:06:54,988014,988266,2020-05-07 07:06:54.882
2020-05-07 07:06:55,988014,988261,2020-05-07 07:06:55.138
2020-05-07 07:06:55,988014,988261,2020-05-07 07:06:55.426
2020-05-07 07:06:55,988014,988304,2020-05-07 07:06:55.810
2020-05-07 07:06:56,988000,988297,2020-05-07 07:06:56.102
2020-05-07 07:06:56,988000,988296,2020-05-07 07:06:56.382
2020-05-07 07:06:56,988000,988292,2020-05-07 07:06:56.656
2020-05-07 07:06:56,988000,988271,2020-05-07 07:06:56.931
2020-05-07 07:06:57,988000,988266,2020-05-07 07:06:57.200
2020-05-07 07:06:57,988000,988172,2020-05-07 07:06:57.735
2020-05-07 07:06:58,987970,988171,2020-05-07 07:06:58.033
2020-05-07 07:06:58,987970,988000,2020-05-07 07:06:58.413
2020-05-07 07:06:58,987970,988170,2020-05-07 07:06:58.751
2020-05-07 07:06:59,987970,988170,2020-05-07 07:06:59.068
2020-05-07 07:06:59,987517,988171,2020-05-07 07:06:59.399
2020-05-07 07:07:00,987518,987970,2020-05-07 07:07:00.058
2020-05-07 07:07:00,987699,987970,2020-05-07 07:07:00.403
2020-05-07 07:07:00,987699,987970,2020-05-07 07:07:00.707
2020-05-07 07:07:00,987700,987948,2020-05-07 07:07:00.989
2020-05-07 07:07:01,987701,987944,2020-05-07 07:07:01.275
2020-05-07 07:07:01,987701,987944,2020-05-07 07:07:01.580
2020-05-07 07:07:01,987701,987943,2020-05-07 07:07:01.870
2020-05-07 07:07:02,987701,987943,2020-05-07 07:07:02.172
2020-05-07 07:07:02,987701,987943,2020-05-07 07:07:02.560
2020-05-07 07:07:02,987703,987942,2020-05-07 07:07:02.821
2020-05-07 07:07:03,987703,987943,2020-05-07 07:07:03.090
2020-05-07 07:07:03,987703,987844,2020-05-07 07:07:03.472
2020-05-07 07:07:04,987703,987844,2020-05-07 07:07:04.079
2020-05-07 07:07:04,987704,987801,2020-05-07 07:07:04.353
2020-05-07 07:07:04,987704,987801,2020-05-07 07:07:04.997
2020-05-07 07:07:05,987704,987861,2020-05-07 07:07:05.289
2020-05-07 07:07:05,987704,987861,2020-05-07 07:07:05.834
2020-05-07 07:07:06,987704,987887,2020-05-07 07:07:06.722
2020-05-07 07:07:07,987709,987975,2020-05-07 07:07:07.035
2020-05-07 07:07:07,987709,988072,2020-05-07 07:07:07.304
2020-05-07 07:07:07,987710,988071,2020-05-07 07:07:07.702
2020-05-07 07:07:08,987715,988071,2020-05-07 07:07:08.039
2020-05-07 07:07:08,987715,988071,2020-05-07 07:07:08.346
2020-05-07 07:07:08,987716,988050,2020-05-07 07:07:08.606
2020-05-07 07:07:08,987716,988050,2020-05-07 07:07:08.887
2020-05-07 07:07:09,987721,988050,2020-05-07 07:07:09.173
2020-05-07 07:07:09,987722,988049,2020-05-07 07:07:09.520
2020-05-07 07:07:09,987722,988048,2020-05-07 07:07:09.818
2020-05-07 07:07:10,987727,988050,2020-05-07 07:07:10.163
2020-05-07 07:07:10,987727,988047,2020-05-07 07:07:10.459
2020-05-07 07:07:10,987727,988047,2020-05-07 07:07:10.970
2020-05-07 07:07:11,987733,988047,2020-05-07 07:07:11.297
2020-05-07 07:07:11,987733,988070,2020-05-07 07:07:11.560
2020-05-07 07:07:11,987734,988042,2020-05-07 07:07:11.828
2020-05-07 07:07:12,987734,988042,2020-05-07 07:07:12.106
2020-05-07 07:07:12,987734,988042,2020-05-07 07:07:12.953
2020-05-07 07:07:13,987740,988020,2020-05-07 07:07:13.213
2020-05-07 07:07:13,987741,988020,2020-05-07 07:07:13.489
2020-05-07 07:07:13,987741,988015,2020-05-07 07:07:13.831
2020-05-07 07:07:14,987741,988015,2020-05-07 07:07:14.150
2020-05-07 07:07:14,987741,988015,2020-05-07 07:07:14.417
2020-05-07 07:07:14,987748,988014,2020-05-07 07:07:14.678
2020-05-07 07:07:14,987748,988014,2020-05-07 07:07:14.980
2020-05-07 07:07:15,987752,988019,2020-05-07 07:07:15.287
2020-05-07 07:07:15,987752,988019,2020-05-07 07:07:15.593
2020-05-07 07:07:15,987754,988014,2020-05-07 07:07:15.911
2020-05-07 07:07:16,987754,988091,2020-05-07 07:07:16.200
2020-05-07 07:07:16,987755,988091,2020-05-07 07:07:16.488
2020-05-07 07:07:16,987755,988086,2020-05-07 07:07:16.810
2020-05-07 07:07:17,987760,988069,2020-05-07 07:07:17.102
2020-05-07 07:07:17,987760,988069,2020-05-07 07:07:17.987
2020-05-07 07:07:18,987766,988069,2020-05-07 07:07:18.476
2020-05-07 07:07:18,987767,988069,2020-05-07 07:07:18.782
2020-05-07 07:07:19,987767,988069,2020-05-07 07:07:19.670
2020-05-07 07:07:20,987772,988069,2020-05-07 07:07:20.009
2020-05-07 07:07:20,987772,988069,2020-05-07 07:07:20.349
2020-05-07 07:07:20,987772,988069,2020-05-07 07:07:20.734
2020-05-07 07:07:21,987772,988069,2020-05-07 07:07:21.155
2020-05-07 07:07:21,987772,988069,2020-05-07 07:07:21.412
2020-05-07 07:07:21,988217,988567,2020-05-07 07:07:21.872
2020-05-07 07:07:22,988221,988567,2020-05-07 07:07:22.131
2020-05-07 07:07:22,988223,988567,2020-05-07 07:07:22.564
2020-05-07 07:07:22,988223,988567,2020-05-07 07:07:22.833
2020-05-07 07:07:23,988244,988567,2020-05-07 07:07:23.232
2020-05-07 07:07:23,988244,988567,2020-05-07 07:07:23.547
2020-05-07 07:07:23,988249,988567,2020-05-07 07:07:23.846
2020-05-07 07:07:24,988249,988567,2020-05-07 07:07:24.116
2020-05-07 07:07:24,988250,988567,2020-05-07 07:07:24.412
2020-05-07 07:07:24,988327,988567,2020-05-07 07:07:24.675
2020-05-07 07:07:25,988327,988567,2020-05-07 07:07:25.175
2020-05-07 07:07:25,988328,988567,2020-05-07 07:07:25.598
2020-05-07 07:07:25,988333,988567,2020-05-07 07:07:25.909
2020-05-07 07:07:26,988334,988567,2020-05-07 07:07:26.174
2020-05-07 07:07:26,988334,988567,2020-05-07 07:07:26.463
2020-05-07 07:07:26,988336,988567,2020-05-07 07:07:26.729
2020-05-07 07:07:26,988336,988567,2020-05-07 07:07:26.986
2020-05-07 07:07:27,988336,988567,2020-05-07 07:07:27.303
2020-05-07 07:07:27,988341,988567,2020-05-07 07:07:27.580
2020-05-07 07:07:28,988341,988567,2020-05-07 07:07:28.118
2020-05-07 07:07:28,988345,988567,2020-05-07 07:07:28.437
2020-05-07 07:07:28,988345,988567,2020-05-07 07:07:28.716
2020-05-07 07:07:29,988350,988567,2020-05-07 07:07:29.342
2020-05-07 07:07:29,988351,988567,2020-05-07 07:07:29.640
2020-05-07 07:07:30,988351,988567,2020-05-07 07:07:30.109
2020-05-07 07:07:30,988355,988567,2020-05-07 07:07:30.454
2020-05-07 07:07:30,988357,988567,2020-05-07 07:07:30.749
2020-05-07 07:07:31,988357,988567,2020-05-07 07:07:31.593
2020-05-07 07:07:31,988363,988567,2020-05-07 07:07:31.856
2020-05-07 07:07:32,988359,988567,2020-05-07 07:07:32.130
2020-05-07 07:07:32,988369,988567,2020-05-07 07:07:32.402
2020-05-07 07:07:32,988369,988567,2020-05-07 07:07:32.708
2020-05-07 07:07:33,988369,988567,2020-05-07 07:07:33.006
2020-05-07 07:07:33,988369,988567,2020-05-07 07:07:33.376
2020-05-07 07:07:33,988264,988567,2020-05-07 07:07:33.646
2020-05-07 07:07:33,988264,988567,2020-05-07 07:07:33.993
2020-05-07 07:07:34,988264,988567,2020-05-07 07:07:34.570
2020-05-07 07:07:34,988362,988567,2020-05-07 07:07:34.834
2020-05-07 07:07:35,988363,988567,2020-05-07 07:07:35.102
2020-05-07 07:07:35,988363,988567,2020-05-07 07:07:35.470
2020-05-07 07:07:35,988270,988567,2020-05-07 07:07:35.736
2020-05-07 07:07:35,988270,988567,2020-05-07 07:07:35.997
2020-05-07 07:07:36,988270,988567,2020-05-07 07:07:36.319
2020-05-07 07:07:36,988296,988567,2020-05-07 07:07:36.589
2020-05-07 07:07:36,988291,988567,2020-05-07 07:07:36.942
2020-05-07 07:07:37,988265,988567,2020-05-07 07:07:37.207
2020-05-07 07:07:37,988265,988567,2020-05-07 07:07:37.584
2020-05-07 07:07:37,988266,988567,2020-05-07 07:07:37.885
2020-05-07 07:07:38,988266,988567,2020-05-07 07:07:38.161
2020-05-07 07:07:38,988268,988567,2020-05-07 07:07:38.427
2020-05-07 07:07:38,988268,988567,2020-05-07 07:07:38.795
2020-05-07 07:07:39,988268,988567,2020-05-07 07:07:39.881
2020-05-07 07:07:40,988379,988811,2020-05-07 07:07:40.164
2020-05-07 07:07:40,988380,988811,2020-05-07 07:07:40.652
2020-05-07 07:07:40,988380,989221,2020-05-07 07:07:40.972
2020-05-07 07:07:41,988811,989221,2020-05-07 07:07:41.364
2020-05-07 07:07:41,988816,989220,2020-05-07 07:07:41.640
2020-05-07 07:07:41,988627,988773,2020-05-07 07:07:41.936
2020-05-07 07:07:42,988627,988773,2020-05-07 07:07:42.220
2020-05-07 07:07:42,988627,988773,2020-05-07 07:07:42.476
2020-05-07 07:07:42,988627,988768,2020-05-07 07:07:42.754
2020-05-07 07:07:43,988430,988768,2020-05-07 07:07:43.080
2020-05-07 07:07:43,988768,989154,2020-05-07 07:07:43.420
2020-05-07 07:07:43,988768,989149,2020-05-07 07:07:43.730
2020-05-07 07:07:43,988789,989149,2020-05-07 07:07:43.989
2020-05-07 07:07:44,988789,989151,2020-05-07 07:07:44.290
2020-05-07 07:07:44,988789,989144,2020-05-07 07:07:44.624
2020-05-07 07:07:45,988789,989144,2020-05-07 07:07:45.033
2020-05-07 07:07:45,988789,989144,2020-05-07 07:07:45.370
2020-05-07 07:07:45,988789,989144,2020-05-07 07:07:45.826
2020-05-07 07:07:46,988789,989143,2020-05-07 07:07:46.110
2020-05-07 07:07:47,988789,989143,2020-05-07 07:07:47.146
2020-05-07 07:07:47,988559,989138,2020-05-07 07:07:47.718
2020-05-07 07:07:48,988562,989133,2020-05-07 07:07:48.019
2020-05-07 07:07:48,988562,989133,2020-05-07 07:07:48.418
2020-05-07 07:07:48,988584,989133,2020-05-07 07:07:48.678
2020-05-07 07:07:49,988585,989132,2020-05-07 07:07:49.889
2020-05-07 07:07:50,988594,989127,2020-05-07 07:07:50.151
2020-05-07 07:07:50,988595,989087,2020-05-07 07:07:50.413
2020-05-07 07:07:50,988599,989087,2020-05-07 07:07:50.822
2020-05-07 07:07:51,988659,989082,2020-05-07 07:07:51.089
2020-05-07 07:07:51,988659,989082,2020-05-07 07:07:51.381
2020-05-07 07:07:51,988659,989082,2020-05-07 07:07:51.741
2020-05-07 07:07:52,988660,989237,2020-05-07 07:07:52.015
2020-05-07 07:07:52,988660,989237,2020-05-07 07:07:52.864
2020-05-07 07:07:53,988667,989121,2020-05-07 07:07:53.194
2020-05-07 07:07:53,988669,989116,2020-05-07 07:07:53.773
2020-05-07 07:07:54,988674,989116,2020-05-07 07:07:54.031
2020-05-07 07:07:54,988674,989116,2020-05-07 07:07:54.319
2020-05-07 07:07:55,988675,989116,2020-05-07 07:07:55.382
2020-05-07 07:07:55,988684,989186,2020-05-07 07:07:55.662
2020-05-07 07:07:55,988684,989186,2020-05-07 07:07:55.954
2020-05-07 07:07:56,988689,989185,2020-05-07 07:07:56.292
2020-05-07 07:07:56,988689,989164,2020-05-07 07:07:56.554
2020-05-07 07:07:56,988689,989164,2020-05-07 07:07:56.836
2020-05-07 07:07:57,988689,989163,2020-05-07 07:07:57.483
2020-05-07 07:07:57,988689,989163,2020-05-07 07:07:57.782
2020-05-07 07:07:58,988689,989163,2020-05-07 07:07:58.092
2020-05-07 07:07:58,988689,989162,2020-05-07 07:07:58.368
2020-05-07 07:07:58,988694,989158,2020-05-07 07:07:58.684
2020-05-07 07:07:58,988694,989157,2020-05-07 07:07:58.955
2020-05-07 07:07:59,988694,989157,2020-05-07 07:07:59.245
2020-05-07 07:07:59,988662,989157,2020-05-07 07:07:59.547
2020-05-07 07:08:00,988555,989157,2020-05-07 07:08:00.124
2020-05-07 07:08:00,988987,989156,2020-05-07 07:08:00.492
2020-05-07 07:08:00,988987,989157,2020-05-07 07:08:00.850
2020-05-07 07:08:01,988987,989240,2020-05-07 07:08:01.903
2020-05-07 07:08:02,988981,989240,2020-05-07 07:08:02.178
2020-05-07 07:08:02,988981,989240,2020-05-07 07:08:02.492
2020-05-07 07:08:02,988981,989219,2020-05-07 07:08:02.880
2020-05-07 07:08:03,988981,989219,2020-05-07 07:08:03.162
2020-05-07 07:08:03,988981,989219,2020-05-07 07:08:03.424
2020-05-07 07:08:03,988715,989219,2020-05-07 07:08:03.681
2020-05-07 07:08:03,988975,989219,2020-05-07 07:08:03.986
2020-05-07 07:08:04,988975,989219,2020-05-07 07:08:04.274
2020-05-07 07:08:04,988975,989219,2020-05-07 07:08:04.537
2020-05-07 07:08:04,988975,989218,2020-05-07 07:08:04.809
2020-05-07 07:08:05,988975,989218,2020-05-07 07:08:05.134
2020-05-07 07:08:05,988975,989240,2020-05-07 07:08:05.427
2020-05-07 07:08:05,988722,989217,2020-05-07 07:08:05.709
2020-05-07 07:08:06,988970,989240,2020-05-07 07:08:06.051
2020-05-07 07:08:06,988970,989240,2020-05-07 07:08:06.432
2020-05-07 07:08:06,988991,989740,2020-05-07 07:08:06.704
2020-05-07 07:08:07,988992,989499,2020-05-07 07:08:07.018
2020-05-07 07:08:07,989679,989706,2020-05-07 07:08:07.281
2020-05-07 07:08:07,988997,989670,2020-05-07 07:08:07.566
2020-05-07 07:08:07,989165,989745,2020-05-07 07:08:07.827
2020-05-07 07:08:08,989165,989745,2020-05-07 07:08:08.092
2020-05-07 07:08:08,989706,989975,2020-05-07 07:08:08.373
2020-05-07 07:08:08,989706,990000,2020-05-07 07:08:08.862
2020-05-07 07:08:09,989872,990000,2020-05-07 07:08:09.125
2020-05-07 07:08:09,989877,990000,2020-05-07 07:08:09.395
2020-05-07 07:08:09,989877,990000,2020-05-07 07:08:09.675
2020-05-07 07:08:09,990000,990021,2020-05-07 07:08:09.929
2020-05-07 07:08:10,990000,990021,2020-05-07 07:08:10.220
2020-05-07 07:08:10,990021,990021,2020-05-07 07:08:10.929
2020-05-07 07:08:11,990021,990342,2020-05-07 07:08:11.220
2020-05-07 07:08:11,990021,990179,2020-05-07 07:08:11.501
2020-05-07 07:08:11,990076,990219,2020-05-07 07:08:11.796
2020-05-07 07:08:12,990076,990783,2020-05-07 07:08:12.081
2020-05-07 07:08:12,990269,990783,2020-05-07 07:08:12.361
2020-05-07 07:08:12,990269,990782,2020-05-07 07:08:12.640
2020-05-07 07:08:12,990270,990683,2020-05-07 07:08:12.992
2020-05-07 07:08:13,990275,990683,2020-05-07 07:08:13.271
2020-05-07 07:08:13,990275,990683,2020-05-07 07:08:13.581
2020-05-07 07:08:13,990454,990683,2020-05-07 07:08:13.847
2020-05-07 07:08:14,990454,990900,2020-05-07 07:08:14.115
2020-05-07 07:08:14,990739,991000,2020-05-07 07:08:14.386
2020-05-07 07:08:14,990933,991000,2020-05-07 07:08:14.677
2020-05-07 07:08:14,990934,991000,2020-05-07 07:08:14.946
2020-05-07 07:08:15,990938,991000,2020-05-07 07:08:15.212
2020-05-07 07:08:15,990955,991000,2020-05-07 07:08:15.691
2020-05-07 07:08:15,991000,991306,2020-05-07 07:08:15.980
2020-05-07 07:08:16,991000,991349,2020-05-07 07:08:16.245
2020-05-07 07:08:16,991001,991349,2020-05-07 07:08:16.673
2020-05-07 07:08:16,991305,991813,2020-05-07 07:08:16.946
2020-05-07 07:08:17,991305,991813,2020-05-07 07:08:17.231
2020-05-07 07:08:17,991306,991866,2020-05-07 07:08:17.597
2020-05-07 07:08:17,991306,991866,2020-05-07 07:08:17.864
2020-05-07 07:08:18,991307,991766,2020-05-07 07:08:18.161
2020-05-07 07:08:18,991307,991766,2020-05-07 07:08:18.476
2020-05-07 07:08:18,991306,991761,2020-05-07 07:08:18.738
2020-05-07 07:08:19,991291,991761,2020-05-07 07:08:19.021
2020-05-07 07:08:19,991306,991760,2020-05-07 07:08:19.290
2020-05-07 07:08:19,991027,991305,2020-05-07 07:08:19.664
2020-05-07 07:08:19,991027,991172,2020-05-07 07:08:19.962
2020-05-07 07:08:20,991025,991172,2020-05-07 07:08:20.838
2020-05-07 07:08:21,990739,991207,2020-05-07 07:08:21.822
2020-05-07 07:08:22,990739,991206,2020-05-07 07:08:22.197
2020-05-07 07:08:23,990515,991206,2020-05-07 07:08:23.220
2020-05-07 07:08:23,990519,991201,2020-05-07 07:08:23.476
2020-05-07 07:08:23,990526,991194,2020-05-07 07:08:23.930
2020-05-07 07:08:26,990973,991496,2020-05-07 07:08:26.762
2020-05-07 07:08:27,990978,991496,2020-05-07 07:08:27.104
2020-05-07 07:08:27,990979,991627,2020-05-07 07:08:27.428
2020-05-07 07:08:27,990980,991495,2020-05-07 07:08:27.998
2020-05-07 07:08:28,990979,991494,2020-05-07 07:08:28.270
2020-05-07 07:08:28,990586,991473,2020-05-07 07:08:28.541
2020-05-07 07:08:29,990979,991473,2020-05-07 07:08:29.432
2020-05-07 07:08:30,990985,991473,2020-05-07 07:08:30.109
2020-05-07 07:08:30,990985,991620,2020-05-07 07:08:30.980
2020-05-07 07:08:31,990991,991472,2020-05-07 07:08:31.268
2020-05-07 07:08:31,990996,991624,2020-05-07 07:08:31.547
2020-05-07 07:08:31,990997,991625,2020-05-07 07:08:31.826
2020-05-07 07:08:32,991018,991624,2020-05-07 07:08:32.115
2020-05-07 07:08:32,991018,991624,2020-05-07 07:08:32.582
2020-05-07 07:08:32,991024,991624,2020-05-07 07:08:32.876
2020-05-07 07:08:33,991024,991624,2020-05-07 07:08:33.260
2020-05-07 07:08:33,991307,991609,2020-05-07 07:08:33.559
2020-05-07 07:08:33,991307,991608,2020-05-07 07:08:33.947
2020-05-07 07:08:34,991307,991622,2020-05-07 07:08:34.208
2020-05-07 07:08:34,991307,991622,2020-05-07 07:08:34.473
2020-05-07 07:08:34,991307,991622,2020-05-07 07:08:34.776
2020-05-07 07:08:35,991307,991623,2020-05-07 07:08:35.032
2020-05-07 07:08:35,991033,991615,2020-05-07 07:08:35.506
2020-05-07 07:08:35,991038,991766,2020-05-07 07:08:35.993
2020-05-07 07:08:36,991191,991766,2020-05-07 07:08:36.272
2020-05-07 07:08:36,991196,991761,2020-05-07 07:08:36.856
2020-05-07 07:08:37,991291,991766,2020-05-07 07:08:37.130
2020-05-07 07:08:37,991296,991761,2020-05-07 07:08:37.384
2020-05-07 07:08:37,991296,991761,2020-05-07 07:08:37.693
2020-05-07 07:08:37,991297,991766,2020-05-07 07:08:37.953
2020-05-07 07:08:38,991298,991766,2020-05-07 07:08:38.220
2020-05-07 07:08:38,991298,991766,2020-05-07 07:08:38.490
2020-05-07 07:08:38,991298,991900,2020-05-07 07:08:38.804
2020-05-07 07:08:39,991857,992000,2020-05-07 07:08:39.057
2020-05-07 07:08:39,991943,992000,2020-05-07 07:08:39.380
2020-05-07 07:08:39,991900,992000,2020-05-07 07:08:39.789
2020-05-07 07:08:40,992000,992104,2020-05-07 07:08:40.076
2020-05-07 07:08:41,991879,992255,2020-05-07 07:08:41.239
2020-05-07 07:08:41,992136,992345,2020-05-07 07:08:41.519
2020-05-07 07:08:41,992138,992345,2020-05-07 07:08:41.782
2020-05-07 07:08:42,992138,992345,2020-05-07 07:08:42.044
2020-05-07 07:08:42,992141,992345,2020-05-07 07:08:42.344
2020-05-07 07:08:42,992136,992345,2020-05-07 07:08:42.611
2020-05-07 07:08:42,992136,992495,2020-05-07 07:08:42.866
2020-05-07 07:08:43,992188,992495,2020-05-07 07:08:43.241
2020-05-07 07:08:43,992188,992495,2020-05-07 07:08:43.502
2020-05-07 07:08:43,992188,992495,2020-05-07 07:08:43.793
2020-05-07 07:08:44,992188,992495,2020-05-07 07:08:44.089
2020-05-07 07:08:44,992188,992495,2020-05-07 07:08:44.350
2020-05-07 07:08:44,991311,992001,2020-05-07 07:08:44.797
2020-05-07 07:08:45,991310,991743,2020-05-07 07:08:45.097
2020-05-07 07:08:45,991331,991961,2020-05-07 07:08:45.387
2020-05-07 07:08:45,991331,991961,2020-05-07 07:08:45.684
2020-05-07 07:08:45,991332,991955,2020-05-07 07:08:45.950
2020-05-07 07:08:46,991430,991955,2020-05-07 07:08:46.271
2020-05-07 07:08:46,991430,991958,2020-05-07 07:08:46.577
2020-05-07 07:08:46,991430,991958,2020-05-07 07:08:46.838
2020-05-07 07:08:47,991431,991953,2020-05-07 07:08:47.121
2020-05-07 07:08:47,991439,991955,2020-05-07 07:08:47.384
2020-05-07 07:08:47,991439,991955,2020-05-07 07:08:47.704
2020-05-07 07:08:47,991436,991951,2020-05-07 07:08:47.970
2020-05-07 07:08:48,991436,991951,2020-05-07 07:08:48.634
2020-05-07 07:08:48,991436,991946,2020-05-07 07:08:48.943
2020-05-07 07:08:49,991436,991946,2020-05-07 07:08:49.244
2020-05-07 07:08:49,991436,991926,2020-05-07 07:08:49.582
2020-05-07 07:08:49,991436,991926,2020-05-07 07:08:49.848
2020-05-07 07:08:50,991436,991950,2020-05-07 07:08:50.134
2020-05-07 07:08:50,991436,991950,2020-05-07 07:08:50.396
2020-05-07 07:08:50,991272,991945,2020-05-07 07:08:50.668
2020-05-07 07:08:51,991272,991945,2020-05-07 07:08:51.445
2020-05-07 07:08:51,991273,991949,2020-05-07 07:08:51.724
2020-05-07 07:08:52,991312,991943,2020-05-07 07:08:52.049
2020-05-07 07:08:52,991312,991943,2020-05-07 07:08:52.433
2020-05-07 07:08:52,991312,991943,2020-05-07 07:08:52.733
2020-05-07 07:08:53,991312,991943,2020-05-07 07:08:53.020
2020-05-07 07:08:53,991312,991942,2020-05-07 07:08:53.285
2020-05-07 07:08:53,991313,991937,2020-05-07 07:08:53.542
2020-05-07 07:08:53,991313,991921,2020-05-07 07:08:53.924
2020-05-07 07:08:54,991313,991921,2020-05-07 07:08:54.360
2020-05-07 07:08:54,991313,991916,2020-05-07 07:08:54.652
2020-05-07 07:08:54,991313,991915,2020-05-07 07:08:54.931
2020-05-07 07:08:55,991238,991910,2020-05-07 07:08:55.191
2020-05-07 07:08:55,991238,991920,2020-05-07 07:08:55.447
2020-05-07 07:08:55,991195,991909,2020-05-07 07:08:55.725
2020-05-07 07:08:56,991195,991908,2020-05-07 07:08:56.040
2020-05-07 07:08:56,991050,991908,2020-05-07 07:08:56.311
2020-05-07 07:08:57,991050,991904,2020-05-07 07:08:57.262
2020-05-07 07:08:57,990597,991054,2020-05-07 07:08:57.521
2020-05-07 07:08:57,989862,990833,2020-05-07 07:08:57.848
2020-05-07 07:08:58,990180,990782,2020-05-07 07:08:58.874
2020-05-07 07:08:59,990180,990782,2020-05-07 07:08:59.225
2020-05-07 07:08:59,990583,990781,2020-05-07 07:08:59.505
2020-05-07 07:08:59,990185,990781,2020-05-07 07:08:59.809
2020-05-07 07:09:00,990185,990557,2020-05-07 07:09:00.082
2020-05-07 07:09:00,990181,990556,2020-05-07 07:09:00.353
2020-05-07 07:09:00,990187,990552,2020-05-07 07:09:00.633
2020-05-07 07:09:00,990187,990552,2020-05-07 07:09:00.892
2020-05-07 07:09:01,990188,990556,2020-05-07 07:09:01.176
2020-05-07 07:09:01,990188,990550,2020-05-07 07:09:01.479
2020-05-07 07:09:01,990189,990550,2020-05-07 07:09:01.741
2020-05-07 07:09:02,990189,990557,2020-05-07 07:09:02.004
2020-05-07 07:09:02,990194,990557,2020-05-07 07:09:02.291
2020-05-07 07:09:02,990194,990557,2020-05-07 07:09:02.575
2020-05-07 07:09:02,990195,990557,2020-05-07 07:09:02.843
2020-05-07 07:09:03,990195,990557,2020-05-07 07:09:03.158
2020-05-07 07:09:03,990196,990557,2020-05-07 07:09:03.534
2020-05-07 07:09:03,990196,990557,2020-05-07 07:09:03.832
2020-05-07 07:09:04,990201,990557,2020-05-07 07:09:04.108
2020-05-07 07:09:04,990202,990557,2020-05-07 07:09:04.938
2020-05-07 07:09:05,990258,990557,2020-05-07 07:09:05.230
2020-05-07 07:09:05,990263,990557,2020-05-07 07:09:05.492
2020-05-07 07:09:05,990264,990557,2020-05-07 07:09:05.783
2020-05-07 07:09:06,990264,990557,2020-05-07 07:09:06.080
2020-05-07 07:09:06,990264,990557,2020-05-07 07:09:06.371
2020-05-07 07:09:06,990269,990557,2020-05-07 07:09:06.889
2020-05-07 07:09:07,990270,990557,2020-05-07 07:09:07.313
2020-05-07 07:09:07,990270,990557,2020-05-07 07:09:07.576
2020-05-07 07:09:07,990271,990557,2020-05-07 07:09:07.866
2020-05-07 07:09:08,990276,990557,2020-05-07 07:09:08.179
2020-05-07 07:09:08,990276,990536,2020-05-07 07:09:08.455
2020-05-07 07:09:08,990277,990536,2020-05-07 07:09:08.723
2020-05-07 07:09:09,990278,990536,2020-05-07 07:09:09.013
2020-05-07 07:09:09,990278,990536,2020-05-07 07:09:09.281
2020-05-07 07:09:09,990278,990536,2020-05-07 07:09:09.578
2020-05-07 07:09:09,990278,990536,2020-05-07 07:09:09.836
2020-05-07 07:09:10,990283,990536,2020-05-07 07:09:10.120
2020-05-07 07:09:10,990283,990536,2020-05-07 07:09:10.402
2020-05-07 07:09:10,990284,990536,2020-05-07 07:09:10.667
2020-05-07 07:09:11,990284,990780,2020-05-07 07:09:11.832
2020-05-07 07:09:12,990293,990780,2020-05-07 07:09:12.164
2020-05-07 07:09:12,990830,991018,2020-05-07 07:09:12.482
2020-05-07 07:09:12,990830,991033,2020-05-07 07:09:12.796
2020-05-07 07:09:13,990458,991198,2020-05-07 07:09:13.217
2020-05-07 07:09:13,990480,991198,2020-05-07 07:09:13.491
2020-05-07 07:09:13,990480,991198,2020-05-07 07:09:13.753
2020-05-07 07:09:14,990488,991442,2020-05-07 07:09:14.079
2020-05-07 07:09:14,990488,991442,2020-05-07 07:09:14.345
2020-05-07 07:09:14,990488,991442,2020-05-07 07:09:14.622
2020-05-07 07:09:14,990488,991441,2020-05-07 07:09:14.885
2020-05-07 07:09:15,990493,991196,2020-05-07 07:09:15.237
2020-05-07 07:09:15,990493,991440,2020-05-07 07:09:15.595
2020-05-07 07:09:15,990493,991195,2020-05-07 07:09:15.869
2020-05-07 07:09:16,990497,991195,2020-05-07 07:09:16.438
2020-05-07 07:09:17,990497,991195,2020-05-07 07:09:17.093
2020-05-07 07:09:17,990498,991173,2020-05-07 07:09:17.375
2020-05-07 07:09:17,990503,991172,2020-05-07 07:09:17.650
2020-05-07 07:09:17,990503,991172,2020-05-07 07:09:17.943
2020-05-07 07:09:18,990501,991172,2020-05-07 07:09:18.239
2020-05-07 07:09:18,990501,991172,2020-05-07 07:09:18.492
2020-05-07 07:09:18,990504,991171,2020-05-07 07:09:18.774
2020-05-07 07:09:19,990505,991170,2020-05-07 07:09:19.151
2020-05-07 07:09:19,990510,991170,2020-05-07 07:09:19.612
2020-05-07 07:09:19,990512,991169,2020-05-07 07:09:19.890
2020-05-07 07:09:20,990516,991169,2020-05-07 07:09:20.163
2020-05-07 07:09:20,990517,991169,2020-05-07 07:09:20.425
2020-05-07 07:09:20,990517,991227,2020-05-07 07:09:20.786
2020-05-07 07:09:21,991219,991227,2020-05-07 07:09:21.081
2020-05-07 07:09:22,990761,991194,2020-05-07 07:09:22.043
2020-05-07 07:09:22,990761,991194,2020-05-07 07:09:22.328
2020-05-07 07:09:22,990761,991194,2020-05-07 07:09:22.614
2020-05-07 07:09:22,990766,991189,2020-05-07 07:09:22.906
2020-05-07 07:09:24,990766,991189,2020-05-07 07:09:24.135
2020-05-07 07:09:24,990825,991188,2020-05-07 07:09:24.411
2020-05-07 07:09:24,990825,991215,2020-05-07 07:09:24.681
2020-05-07 07:09:25,990825,991215,2020-05-07 07:09:25.349
2020-05-07 07:09:25,990826,991215,2020-05-07 07:09:25.699
2020-05-07 07:09:25,990826,991214,2020-05-07 07:09:25.980
2020-05-07 07:09:26,990831,991214,2020-05-07 07:09:26.249
2020-05-07 07:09:26,990832,991193,2020-05-07 07:09:26.529
2020-05-07 07:09:26,990642,991193,2020-05-07 07:09:26.988
2020-05-07 07:09:27,990837,991193,2020-05-07 07:09:27.314
2020-05-07 07:09:27,990837,991193,2020-05-07 07:09:27.615
2020-05-07 07:09:27,990838,991193,2020-05-07 07:09:27.884
2020-05-07 07:09:28,990838,991193,2020-05-07 07:09:28.153
2020-05-07 07:09:28,990838,991193,2020-05-07 07:09:28.432
2020-05-07 07:09:28,990838,991193,2020-05-07 07:09:28.719
2020-05-07 07:09:29,990838,991193,2020-05-07 07:09:28.993
2020-05-07 07:09:29,990838,991193,2020-05-07 07:09:29.308
2020-05-07 07:09:29,990838,991193,2020-05-07 07:09:29.652
2020-05-07 07:09:29,990838,991193,2020-05-07 07:09:29.961
2020-05-07 07:09:30,990838,991193,2020-05-07 07:09:30.226
2020-05-07 07:09:30,990838,991193,2020-05-07 07:09:30.605
2020-05-07 07:09:31,990838,991193,2020-05-07 07:09:31.154
2020-05-07 07:09:31,990838,991095,2020-05-07 07:09:31.426
2020-05-07 07:09:32,990838,991056,2020-05-07 07:09:32.122
2020-05-07 07:09:32,990838,991056,2020-05-07 07:09:32.407
2020-05-07 07:09:32,990838,991051,2020-05-07 07:09:32.661
2020-05-07 07:09:33,990838,991046,2020-05-07 07:09:33.252
2020-05-07 07:09:33,990838,991046,2020-05-07 07:09:33.535
2020-05-07 07:09:33,990838,991046,2020-05-07 07:09:33.830
2020-05-07 07:09:34,991000,991044,2020-05-07 07:09:34.177
2020-05-07 07:09:34,991000,991044,2020-05-07 07:09:34.478
2020-05-07 07:09:35,991000,991044,2020-05-07 07:09:35.223
2020-05-07 07:09:35,991000,991044,2020-05-07 07:09:35.510
2020-05-07 07:09:35,991000,991044,2020-05-07 07:09:35.785
2020-05-07 07:09:36,991000,991044,2020-05-07 07:09:36.080
2020-05-07 07:09:36,991000,991046,2020-05-07 07:09:36.382
2020-05-07 07:09:36,991005,991044,2020-05-07 07:09:36.782
2020-05-07 07:09:37,991000,991044,2020-05-07 07:09:37.039
2020-05-07 07:09:37,991000,991050,2020-05-07 07:09:37.318
2020-05-07 07:09:37,990838,991045,2020-05-07 07:09:37.575
2020-05-07 07:09:37,990838,991000,2020-05-07 07:09:37.853
2020-05-07 07:09:38,990488,990567,2020-05-07 07:09:38.874
2020-05-07 07:09:39,990706,990919,2020-05-07 07:09:39.838
2020-05-07 07:09:40,990316,990919,2020-05-07 07:09:40.190
2020-05-07 07:09:40,990316,990634,2020-05-07 07:09:40.458
2020-05-07 07:09:40,990337,990914,2020-05-07 07:09:40.716
2020-05-07 07:09:41,990337,990914,2020-05-07 07:09:41.024
2020-05-07 07:09:41,990512,990914,2020-05-07 07:09:41.276
2020-05-07 07:09:41,990512,990914,2020-05-07 07:09:41.599
2020-05-07 07:09:41,990512,990914,2020-05-07 07:09:41.918
2020-05-07 07:09:42,990512,990914,2020-05-07 07:09:42.250
2020-05-07 07:09:42,990527,990913,2020-05-07 07:09:42.524
2020-05-07 07:09:42,990527,990913,2020-05-07 07:09:42.794
2020-05-07 07:09:43,990527,990913,2020-05-07 07:09:43.067
2020-05-07 07:09:43,990528,990978,2020-05-07 07:09:43.591
2020-05-07 07:09:43,990528,990978,2020-05-07 07:09:43.875
2020-05-07 07:09:44,990549,990972,2020-05-07 07:09:44.149
2020-05-07 07:09:44,990549,990972,2020-05-07 07:09:44.429
2020-05-07 07:09:44,990586,991024,2020-05-07 07:09:44.690
2020-05-07 07:09:45,990586,991024,2020-05-07 07:09:45.008
2020-05-07 07:09:45,990586,991019,2020-05-07 07:09:45.316
2020-05-07 07:09:45,990586,991002,2020-05-07 07:09:45.581
2020-05-07 07:09:45,990586,991015,2020-05-07 07:09:45.873
2020-05-07 07:09:46,990586,991015,2020-05-07 07:09:46.162
2020-05-07 07:09:46,990351,991001,2020-05-07 07:09:46.445
2020-05-07 07:09:46,990351,991001,2020-05-07 07:09:46.907
2020-05-07 07:09:47,990600,990996,2020-05-07 07:09:47.170
2020-05-07 07:09:47,990600,991000,2020-05-07 07:09:47.456
2020-05-07 07:09:47,990600,991000,2020-05-07 07:09:47.724
2020-05-07 07:09:48,990621,991000,2020-05-07 07:09:48.100
2020-05-07 07:09:48,990621,990995,2020-05-07 07:09:48.382
2020-05-07 07:09:48,990621,990995,2020-05-07 07:09:48.669
2020-05-07 07:09:48,990622,990995,2020-05-07 07:09:48.939
2020-05-07 07:09:49,990621,991044,2020-05-07 07:09:49.273
2020-05-07 07:09:49,990622,991054,2020-05-07 07:09:49.545
2020-05-07 07:09:49,990622,991059,2020-05-07 07:09:49.814
2020-05-07 07:09:50,990593,991043,2020-05-07 07:09:50.111
2020-05-07 07:09:50,990593,991043,2020-05-07 07:09:50.438
2020-05-07 07:09:50,990593,991054,2020-05-07 07:09:50.820
2020-05-07 07:09:51,990369,991042,2020-05-07 07:09:51.223
2020-05-07 07:09:51,990588,991037,2020-05-07 07:09:51.516
2020-05-07 07:09:51,990609,991054,2020-05-07 07:09:51.780
2020-05-07 07:09:52,990610,991054,2020-05-07 07:09:52.042
2020-05-07 07:09:52,990610,991054,2020-05-07 07:09:52.304
2020-05-07 07:09:52,990610,991054,2020-05-07 07:09:52.561
2020-05-07 07:09:52,990610,991054,2020-05-07 07:09:52.851
2020-05-07 07:09:53,990610,991053,2020-05-07 07:09:53.188
2020-05-07 07:09:53,990610,991053,2020-05-07 07:09:53.516
2020-05-07 07:09:53,990587,991048,2020-05-07 07:09:53.900
2020-05-07 07:09:54,990611,991048,2020-05-07 07:09:54.199
2020-05-07 07:09:54,990587,991059,2020-05-07 07:09:54.488
2020-05-07 07:09:54,990612,991047,2020-05-07 07:09:54.891
2020-05-07 07:09:55,990475,991047,2020-05-07 07:09:55.179
2020-05-07 07:09:55,990475,991042,2020-05-07 07:09:55.435
2020-05-07 07:09:56,990533,991042,2020-05-07 07:09:56.128
2020-05-07 07:09:56,990533,991041,2020-05-07 07:09:56.734
2020-05-07 07:09:57,990497,990658,2020-05-07 07:09:57.029
2020-05-07 07:09:57,990498,990658,2020-05-07 07:09:57.342
2020-05-07 07:09:57,990498,990658,2020-05-07 07:09:57.613
2020-05-07 07:09:57,990501,990658,2020-05-07 07:09:57.903
2020-05-07 07:09:58,990501,990658,2020-05-07 07:09:58.932
2020-05-07 07:09:59,990504,990658,2020-05-07 07:09:59.187
2020-05-07 07:09:59,990501,990918,2020-05-07 07:09:59.447
2020-05-07 07:09:59,990525,990918,2020-05-07 07:09:59.714
2020-05-07 07:10:00,990525,990918,2020-05-07 07:10:00.513
2020-05-07 07:10:00,990525,990918,2020-05-07 07:10:00.798
2020-05-07 07:10:01,990525,990918,2020-05-07 07:10:01.083
2020-05-07 07:10:01,990525,990918,2020-05-07 07:10:01.749
2020-05-07 07:10:02,990525,990918,2020-05-07 07:10:02.039
2020-05-07 07:10:02,990525,990918,2020-05-07 07:10:02.334
2020-05-07 07:10:02,990525,990918,2020-05-07 07:10:02.602
2020-05-07 07:10:02,990525,990918,2020-05-07 07:10:02.879
2020-05-07 07:10:03,990525,991156,2020-05-07 07:10:03.134
2020-05-07 07:10:03,990525,991156,2020-05-07 07:10:03.513
2020-05-07 07:10:03,990526,991155,2020-05-07 07:10:03.815
2020-05-07 07:10:04,990648,991155,2020-05-07 07:10:04.126
2020-05-07 07:10:04,990648,991155,2020-05-07 07:10:04.424
2020-05-07 07:10:04,990648,991368,2020-05-07 07:10:04.700
2020-05-07 07:10:05,990648,991368,2020-05-07 07:10:05.022
2020-05-07 07:10:05,990648,991272,2020-05-07 07:10:05.295
2020-05-07 07:10:05,990537,991272,2020-05-07 07:10:05.564
2020-05-07 07:10:05,990540,991272,2020-05-07 07:10:05.837
2020-05-07 07:10:06,990613,991272,2020-05-07 07:10:06.180
2020-05-07 07:10:06,990618,991267,2020-05-07 07:10:06.453
2020-05-07 07:10:06,990618,991267,2020-05-07 07:10:06.718
2020-05-07 07:10:06,990619,991266,2020-05-07 07:10:06.984
2020-05-07 07:10:07,990619,991266,2020-05-07 07:10:07.245
2020-05-07 07:10:07,990623,991245,2020-05-07 07:10:07.558
2020-05-07 07:10:08,990545,991245,2020-05-07 07:10:08.007
2020-05-07 07:10:08,990625,991243,2020-05-07 07:10:08.280
2020-05-07 07:10:08,990632,991243,2020-05-07 07:10:08.618
2020-05-07 07:10:08,990633,991242,2020-05-07 07:10:08.927
2020-05-07 07:10:09,990633,991242,2020-05-07 07:10:09.217
2020-05-07 07:10:09,990633,991242,2020-05-07 07:10:09.480
2020-05-07 07:10:09,990633,991241,2020-05-07 07:10:09.768
2020-05-07 07:10:10,990638,991240,2020-05-07 07:10:10.102
2020-05-07 07:10:10,990638,991240,2020-05-07 07:10:10.390
2020-05-07 07:10:10,990638,991240,2020-05-07 07:10:10.643
2020-05-07 07:10:10,990638,991240,2020-05-07 07:10:10.921
2020-05-07 07:10:11,990661,991240,2020-05-07 07:10:11.211
2020-05-07 07:10:11,990662,991240,2020-05-07 07:10:11.506
2020-05-07 07:10:11,990661,991240,2020-05-07 07:10:11.788
2020-05-07 07:10:12,990667,991240,2020-05-07 07:10:12.066
2020-05-07 07:10:12,990667,991240,2020-05-07 07:10:12.363
2020-05-07 07:10:13,990668,991240,2020-05-07 07:10:13.013
2020-05-07 07:10:13,990668,991266,2020-05-07 07:10:13.351
2020-05-07 07:10:13,990668,991266,2020-05-07 07:10:13.631
2020-05-07 07:10:13,990669,991266,2020-05-07 07:10:13.894
2020-05-07 07:10:14,990670,991265,2020-05-07 07:10:14.478
2020-05-07 07:10:14,990670,991442,2020-05-07 07:10:14.739
2020-05-07 07:10:15,990671,991442,2020-05-07 07:10:15.009
2020-05-07 07:10:15,990697,991373,2020-05-07 07:10:15.295
2020-05-07 07:10:15,990697,991373,2020-05-07 07:10:15.617
2020-05-07 07:10:15,990698,991373,2020-05-07 07:10:15.932
2020-05-07 07:10:16,990698,991373,2020-05-07 07:10:16.352
2020-05-07 07:10:16,990698,991472,2020-05-07 07:10:16.697
2020-05-07 07:10:17,990707,991471,2020-05-07 07:10:17.320
2020-05-07 07:10:17,990712,991471,2020-05-07 07:10:17.629
2020-05-07 07:10:17,990712,991471,2020-05-07 07:10:17.921
2020-05-07 07:10:18,990717,991466,2020-05-07 07:10:18.240
2020-05-07 07:10:18,990717,991466,2020-05-07 07:10:18.543
2020-05-07 07:10:18,990718,991465,2020-05-07 07:10:18.828
2020-05-07 07:10:19,990836,991465,2020-05-07 07:10:19.144
2020-05-07 07:10:19,990836,991465,2020-05-07 07:10:19.468
2020-05-07 07:10:19,990837,991465,2020-05-07 07:10:19.759
2020-05-07 07:10:20,990837,991465,2020-05-07 07:10:20.038
2020-05-07 07:10:20,990842,991463,2020-05-07 07:10:20.315
2020-05-07 07:10:20,990842,991463,2020-05-07 07:10:20.722
2020-05-07 07:10:21,990847,991443,2020-05-07 07:10:21.031
2020-05-07 07:10:21,990847,991443,2020-05-07 07:10:21.292
2020-05-07 07:10:21,990847,991443,2020-05-07 07:10:21.550
2020-05-07 07:10:21,990849,991443,2020-05-07 07:10:21.817
2020-05-07 07:10:22,990849,991443,2020-05-07 07:10:22.762
2020-05-07 07:10:23,990879,991463,2020-05-07 07:10:23.054
2020-05-07 07:10:23,990879,991463,2020-05-07 07:10:23.332
2020-05-07 07:10:23,990884,991463,2020-05-07 07:10:23.614
2020-05-07 07:10:23,990884,991463,2020-05-07 07:10:23.932
2020-05-07 07:10:24,990884,991463,2020-05-07 07:10:24.208
2020-05-07 07:10:24,990884,991463,2020-05-07 07:10:24.499
2020-05-07 07:10:24,990884,991463,2020-05-07 07:10:24.763
2020-05-07 07:10:25,990884,991463,2020-05-07 07:10:25.059
2020-05-07 07:10:25,990884,991463,2020-05-07 07:10:25.344
2020-05-07 07:10:25,990884,991463,2020-05-07 07:10:25.611
2020-05-07 07:10:25,990884,991463,2020-05-07 07:10:25.995
2020-05-07 07:10:26,990884,991463,2020-05-07 07:10:26.623
2020-05-07 07:10:26,990884,991463,2020-05-07 07:10:26.895
2020-05-07 07:10:27,990884,991463,2020-05-07 07:10:27.182
2020-05-07 07:10:27,990884,991463,2020-05-07 07:10:27.549
2020-05-07 07:10:27,990884,991463,2020-05-07 07:10:27.825
2020-05-07 07:10:28,990884,991463,2020-05-07 07:10:28.144
2020-05-07 07:10:28,990884,991463,2020-05-07 07:10:28.944
2020-05-07 07:10:29,990892,991438,2020-05-07 07:10:29.271
2020-05-07 07:10:30,990897,991500,2020-05-07 07:10:30.231
2020-05-07 07:10:30,990898,991500,2020-05-07 07:10:30.506
2020-05-07 07:10:30,990919,991500,2020-05-07 07:10:30.802
2020-05-07 07:10:31,990920,991500,2020-05-07 07:10:31.078
2020-05-07 07:10:31,990921,991500,2020-05-07 07:10:31.485
2020-05-07 07:10:31,990925,991500,2020-05-07 07:10:31.762
2020-05-07 07:10:32,990926,991500,2020-05-07 07:10:32.076
2020-05-07 07:10:32,991086,991500,2020-05-07 07:10:32.337
2020-05-07 07:10:32,991086,991500,2020-05-07 07:10:32.628
2020-05-07 07:10:32,991086,991500,2020-05-07 07:10:32.898
2020-05-07 07:10:33,991087,991500,2020-05-07 07:10:33.158
2020-05-07 07:10:33,991091,991500,2020-05-07 07:10:33.596
2020-05-07 07:10:33,991092,991500,2020-05-07 07:10:33.878
2020-05-07 07:10:34,991093,991500,2020-05-07 07:10:34.223
2020-05-07 07:10:34,991093,991500,2020-05-07 07:10:34.644
2020-05-07 07:10:34,991098,991500,2020-05-07 07:10:34.897
2020-05-07 07:10:35,991098,991500,2020-05-07 07:10:35.166
2020-05-07 07:10:35,991099,991500,2020-05-07 07:10:35.466
2020-05-07 07:10:35,991099,991500,2020-05-07 07:10:35.763
2020-05-07 07:10:36,991099,991500,2020-05-07 07:10:36.621
2020-05-07 07:10:37,991128,991500,2020-05-07 07:10:37.263
2020-05-07 07:10:37,991129,991500,2020-05-07 07:10:37.525
2020-05-07 07:10:37,991129,991500,2020-05-07 07:10:37.823
2020-05-07 07:10:38,991129,991500,2020-05-07 07:10:38.451
2020-05-07 07:10:38,991134,991500,2020-05-07 07:10:38.712
2020-05-07 07:10:39,991135,991507,2020-05-07 07:10:39.007
2020-05-07 07:10:39,991138,991507,2020-05-07 07:10:39.308
2020-05-07 07:10:39,991138,991507,2020-05-07 07:10:39.580
2020-05-07 07:10:40,991138,991507,2020-05-07 07:10:40.044
2020-05-07 07:10:40,991144,991507,2020-05-07 07:10:40.344
2020-05-07 07:10:40,991144,991486,2020-05-07 07:10:40.629
2020-05-07 07:10:40,991149,991486,2020-05-07 07:10:40.917
2020-05-07 07:10:41,991149,991486,2020-05-07 07:10:41.173
2020-05-07 07:10:41,991100,991486,2020-05-07 07:10:41.619
2020-05-07 07:10:41,991149,991486,2020-05-07 07:10:41.988
2020-05-07 07:10:42,991149,991486,2020-05-07 07:10:42.411
2020-05-07 07:10:42,991100,991486,2020-05-07 07:10:42.689
2020-05-07 07:10:42,991105,991500,2020-05-07 07:10:42.961
2020-05-07 07:10:43,991105,991500,2020-05-07 07:10:43.258
2020-05-07 07:10:43,991106,991500,2020-05-07 07:10:43.522
2020-05-07 07:10:43,991106,991500,2020-05-07 07:10:43.842
2020-05-07 07:10:44,991107,991507,2020-05-07 07:10:44.136
2020-05-07 07:10:44,991107,991507,2020-05-07 07:10:44.405
2020-05-07 07:10:44,991105,991412,2020-05-07 07:10:44.676
2020-05-07 07:10:44,991105,991412,2020-05-07 07:10:44.999
2020-05-07 07:10:45,991109,991412,2020-05-07 07:10:45.279
2020-05-07 07:10:45,991109,991412,2020-05-07 07:10:45.571
2020-05-07 07:10:45,991110,991412,2020-05-07 07:10:45.907
2020-05-07 07:10:46,991110,991486,2020-05-07 07:10:46.197
2020-05-07 07:10:46,991110,991507,2020-05-07 07:10:46.466
2020-05-07 07:10:46,991110,991507,2020-05-07 07:10:46.742
2020-05-07 07:10:47,991110,991498,2020-05-07 07:10:47.033
2020-05-07 07:10:47,991110,991498,2020-05-07 07:10:47.350
2020-05-07 07:10:47,991115,991498,2020-05-07 07:10:47.624
2020-05-07 07:10:47,991115,991498,2020-05-07 07:10:47.891
2020-05-07 07:10:48,991116,991498,2020-05-07 07:10:48.165
2020-05-07 07:10:48,991136,991507,2020-05-07 07:10:48.618
2020-05-07 07:10:48,991136,991507,2020-05-07 07:10:48.962
2020-05-07 07:10:49,991136,991432,2020-05-07 07:10:49.259
2020-05-07 07:10:49,991136,991432,2020-05-07 07:10:49.527
2020-05-07 07:10:49,991136,991432,2020-05-07 07:10:49.862
2020-05-07 07:10:50,991136,991432,2020-05-07 07:10:50.188
2020-05-07 07:10:50,991136,991432,2020-05-07 07:10:50.467
2020-05-07 07:10:50,991137,991507,2020-05-07 07:10:50.747
2020-05-07 07:10:51,991142,991507,2020-05-07 07:10:51.100
2020-05-07 07:10:51,991142,991507,2020-05-07 07:10:51.432
2020-05-07 07:10:51,991143,991507,2020-05-07 07:10:51.703
2020-05-07 07:10:51,991144,991507,2020-05-07 07:10:51.954
2020-05-07 07:10:52,991144,991507,2020-05-07 07:10:52.276
2020-05-07 07:10:52,991151,991507,2020-05-07 07:10:52.571
2020-05-07 07:10:52,991172,991507,2020-05-07 07:10:52.872
2020-05-07 07:10:53,991172,991507,2020-05-07 07:10:53.222
2020-05-07 07:10:53,991173,991507,2020-05-07 07:10:53.504
2020-05-07 07:10:53,991173,991507,2020-05-07 07:10:53.794
2020-05-07 07:10:54,991173,991507,2020-05-07 07:10:54.058
2020-05-07 07:10:54,991178,991507,2020-05-07 07:10:54.321
2020-05-07 07:10:54,991182,991507,2020-05-07 07:10:54.805
2020-05-07 07:10:55,991182,991507,2020-05-07 07:10:55.072
2020-05-07 07:10:55,991707,991649,2020-05-07 07:10:55.369
2020-05-07 07:10:55,991707,991649,2020-05-07 07:10:55.690
2020-05-07 07:10:55,991707,991649,2020-05-07 07:10:55.987
2020-05-07 07:10:56,991707,991649,2020-05-07 07:10:56.264
2020-05-07 07:10:56,991707,991649,2020-05-07 07:10:56.637
2020-05-07 07:10:56,991707,991911,2020-05-07 07:10:56.909
2020-05-07 07:10:57,991293,991911,2020-05-07 07:10:57.185
2020-05-07 07:10:57,991293,991736,2020-05-07 07:10:57.451
2020-05-07 07:10:57,991293,991736,2020-05-07 07:10:57.733
2020-05-07 07:10:58,991293,991736,2020-05-07 07:10:58.005
2020-05-07 07:10:58,991293,991736,2020-05-07 07:10:58.289
2020-05-07 07:10:58,991293,991672,2020-05-07 07:10:58.581
2020-05-07 07:10:59,991293,991672,2020-05-07 07:10:59.115
2020-05-07 07:10:59,991293,991672,2020-05-07 07:10:59.460
2020-05-07 07:10:59,991288,991672,2020-05-07 07:10:59.748
2020-05-07 07:11:00,991289,991672,2020-05-07 07:11:00.122
2020-05-07 07:11:00,991294,991672,2020-05-07 07:11:00.435
2020-05-07 07:11:00,991294,991672,2020-05-07 07:11:00.711
2020-05-07 07:11:00,991294,991672,2020-05-07 07:11:00.993
2020-05-07 07:11:01,991199,991672,2020-05-07 07:11:01.330
2020-05-07 07:11:02,991291,991651,2020-05-07 07:11:02.119
2020-05-07 07:11:02,991295,991651,2020-05-07 07:11:02.426
2020-05-07 07:11:02,991295,991646,2020-05-07 07:11:02.682
2020-05-07 07:11:03,991211,991646,2020-05-07 07:11:03.252
2020-05-07 07:11:03,991214,991646,2020-05-07 07:11:03.654
2020-05-07 07:11:03,991214,991646,2020-05-07 07:11:03.946
2020-05-07 07:11:04,991214,991646,2020-05-07 07:11:04.226
2020-05-07 07:11:04,991215,991672,2020-05-07 07:11:04.492
2020-05-07 07:11:04,991215,991672,2020-05-07 07:11:04.780
2020-05-07 07:11:05,991220,991672,2020-05-07 07:11:05.089
2020-05-07 07:11:05,991221,991672,2020-05-07 07:11:05.624
2020-05-07 07:11:05,991226,991672,2020-05-07 07:11:05.882
2020-05-07 07:11:06,991226,991672,2020-05-07 07:11:06.151
2020-05-07 07:11:06,991247,991672,2020-05-07 07:11:06.443
2020-05-07 07:11:06,991247,991672,2020-05-07 07:11:06.713
2020-05-07 07:11:06,991248,991672,2020-05-07 07:11:06.975
2020-05-07 07:11:07,991248,991672,2020-05-07 07:11:07.254
2020-05-07 07:11:07,991253,991672,2020-05-07 07:11:07.568
2020-05-07 07:11:07,991253,991672,2020-05-07 07:11:07.870
2020-05-07 07:11:08,991254,991672,2020-05-07 07:11:08.165
2020-05-07 07:11:08,991254,991672,2020-05-07 07:11:08.652
2020-05-07 07:11:08,991259,991672,2020-05-07 07:11:08.929
2020-05-07 07:11:09,991259,991672,2020-05-07 07:11:09.368
2020-05-07 07:11:09,991253,991672,2020-05-07 07:11:09.669
2020-05-07 07:11:09,991253,991672,2020-05-07 07:11:09.931
2020-05-07 07:11:10,991253,991672,2020-05-07 07:11:10.237
2020-05-07 07:11:10,991252,991672,2020-05-07 07:11:10.539
2020-05-07 07:11:10,991252,991672,2020-05-07 07:11:10.847
2020-05-07 07:11:11,991283,991672,2020-05-07 07:11:11.135
2020-05-07 07:11:11,991283,991672,2020-05-07 07:11:11.525
2020-05-07 07:11:11,991283,991671,2020-05-07 07:11:11.817
2020-05-07 07:11:12,991283,991672,2020-05-07 07:11:12.141
2020-05-07 07:11:12,991283,991672,2020-05-07 07:11:12.437
2020-05-07 07:11:12,991283,991672,2020-05-07 07:11:12.720
2020-05-07 07:11:13,991239,991672,2020-05-07 07:11:13.023
2020-05-07 07:11:13,991239,991672,2020-05-07 07:11:13.579
2020-05-07 07:11:13,991237,991665,2020-05-07 07:11:13.832
2020-05-07 07:11:14,991237,991665,2020-05-07 07:11:14.099
2020-05-07 07:11:14,991216,991665,2020-05-07 07:11:14.398
2020-05-07 07:11:14,991238,991643,2020-05-07 07:11:14.772
2020-05-07 07:11:15,991243,991638,2020-05-07 07:11:15.045
2020-05-07 07:11:15,991243,991643,2020-05-07 07:11:15.349
2020-05-07 07:11:15,991243,991643,2020-05-07 07:11:15.632
2020-05-07 07:11:15,991216,991638,2020-05-07 07:11:15.927
2020-05-07 07:11:16,991216,991638,2020-05-07 07:11:16.257
2020-05-07 07:11:16,991130,991638,2020-05-07 07:11:16.524
2020-05-07 07:11:16,991217,991637,2020-05-07 07:11:16.867
2020-05-07 07:11:17,991217,991637,2020-05-07 07:11:17.231
2020-05-07 07:11:17,991217,991628,2020-05-07 07:11:17.523
2020-05-07 07:11:17,991217,991628,2020-05-07 07:11:17.811
2020-05-07 07:11:18,991217,991628,2020-05-07 07:11:18.151
2020-05-07 07:11:18,991217,991623,2020-05-07 07:11:18.415
2020-05-07 07:11:18,991220,991606,2020-05-07 07:11:18.683
2020-05-07 07:11:18,991217,991601,2020-05-07 07:11:18.967
2020-05-07 07:11:19,991217,991572,2020-05-07 07:11:19.234
2020-05-07 07:11:19,991217,991572,2020-05-07 07:11:19.708
2020-05-07 07:11:20,991112,991217,2020-05-07 07:11:20.056
2020-05-07 07:11:20,991019,991212,2020-05-07 07:11:20.370
2020-05-07 07:11:20,991019,991217,2020-05-07 07:11:20.749
2020-05-07 07:11:21,991019,991212,2020-05-07 07:11:21.010
2020-05-07 07:11:21,991017,991212,2020-05-07 07:11:21.313
2020-05-07 07:11:21,991012,991398,2020-05-07 07:11:21.590
2020-05-07 07:11:21,991017,991393,2020-05-07 07:11:21.915
2020-05-07 07:11:22,991012,991392,2020-05-07 07:11:22.230
2020-05-07 07:11:22,991033,991387,2020-05-07 07:11:22.507
2020-05-07 07:11:23,991033,991386,2020-05-07 07:11:23.553
2020-05-07 07:11:23,991033,991385,2020-05-07 07:11:23.836
2020-05-07 07:11:24,991033,991384,2020-05-07 07:11:24.099
2020-05-07 07:11:24,991012,991380,2020-05-07 07:11:24.380
2020-05-07 07:11:24,991012,991379,2020-05-07 07:11:24.644
2020-05-07 07:11:24,991012,991379,2020-05-07 07:11:24.921
2020-05-07 07:11:25,991012,991374,2020-05-07 07:11:25.305
2020-05-07 07:11:25,991011,991373,2020-05-07 07:11:25.574
2020-05-07 07:11:25,991011,991373,2020-05-07 07:11:25.852
2020-05-07 07:11:26,991011,991373,2020-05-07 07:11:26.124
2020-05-07 07:11:26,991000,991012,2020-05-07 07:11:26.624
2020-05-07 07:11:26,990731,990761,2020-05-07 07:11:26.880
2020-05-07 07:11:27,990731,991006,2020-05-07 07:11:27.177
2020-05-07 07:11:27,990600,990761,2020-05-07 07:11:27.516
2020-05-07 07:11:27,990600,990732,2020-05-07 07:11:27.785
2020-05-07 07:11:28,990600,990642,2020-05-07 07:11:28.073
2020-05-07 07:11:28,990600,990642,2020-05-07 07:11:28.358
2020-05-07 07:11:28,990289,990642,2020-05-07 07:11:28.643
2020-05-07 07:11:28,990289,990440,2020-05-07 07:11:28.995
2020-05-07 07:11:29,990440,990731,2020-05-07 07:11:29.303
2020-05-07 07:11:29,990440,990731,2020-05-07 07:11:29.606
2020-05-07 07:11:30,990440,990730,2020-05-07 07:11:30.587
2020-05-07 07:11:30,990132,990700,2020-05-07 07:11:30.904
2020-05-07 07:11:31,990132,990700,2020-05-07 07:11:31.163
2020-05-07 07:11:31,990132,990699,2020-05-07 07:11:31.685
2020-05-07 07:11:32,990125,990699,2020-05-07 07:11:32.013
2020-05-07 07:11:32,990125,990561,2020-05-07 07:11:32.281
2020-05-07 07:11:32,990125,990560,2020-05-07 07:11:32.554
2020-05-07 07:11:32,990125,990560,2020-05-07 07:11:32.807
2020-05-07 07:11:33,990125,990560,2020-05-07 07:11:33.077
2020-05-07 07:11:33,989902,990125,2020-05-07 07:11:33.412
2020-05-07 07:11:33,989902,990555,2020-05-07 07:11:33.727
2020-05-07 07:11:34,989902,990557,2020-05-07 07:11:34.001
2020-05-07 07:11:34,990001,990317,2020-05-07 07:11:34.266
2020-05-07 07:11:34,989902,990316,2020-05-07 07:11:34.552
2020-05-07 07:11:34,989902,990316,2020-05-07 07:11:34.822
2020-05-07 07:11:35,989637,989654,2020-05-07 07:11:35.090
2020-05-07 07:11:35,989288,989654,2020-05-07 07:11:35.372
2020-05-07 07:11:35,988910,989654,2020-05-07 07:11:35.681
2020-05-07 07:11:36,989002,989588,2020-05-07 07:11:36.006
2020-05-07 07:11:36,989002,989592,2020-05-07 07:11:36.299
2020-05-07 07:11:36,989002,989649,2020-05-07 07:11:36.572
2020-05-07 07:11:36,989003,989652,2020-05-07 07:11:36.846
2020-05-07 07:11:37,989588,989719,2020-05-07 07:11:37.133
2020-05-07 07:11:37,989588,989719,2020-05-07 07:11:37.499
2020-05-07 07:11:37,989013,989698,2020-05-07 07:11:37.752
2020-05-07 07:11:38,989013,989698,2020-05-07 07:11:38.122
2020-05-07 07:11:38,989030,989588,2020-05-07 07:11:38.390
2020-05-07 07:11:38,989030,989588,2020-05-07 07:11:38.739
2020-05-07 07:11:39,989035,989587,2020-05-07 07:11:39.075
2020-05-07 07:11:39,989035,989698,2020-05-07 07:11:39.335
2020-05-07 07:11:39,989036,989697,2020-05-07 07:11:39.684
2020-05-07 07:11:39,989037,989586,2020-05-07 07:11:39.954
2020-05-07 07:11:40,989037,989586,2020-05-07 07:11:40.600
2020-05-07 07:11:40,989146,989585,2020-05-07 07:11:40.879
2020-05-07 07:11:41,989146,989338,2020-05-07 07:11:41.195
2020-05-07 07:11:41,989146,989338,2020-05-07 07:11:41.484
2020-05-07 07:11:41,989043,989316,2020-05-07 07:11:41.768
2020-05-07 07:11:42,989043,989315,2020-05-07 07:11:42.021
2020-05-07 07:11:42,989001,989314,2020-05-07 07:11:42.282
2020-05-07 07:11:42,989043,989314,2020-05-07 07:11:42.564
2020-05-07 07:11:42,988935,988995,2020-05-07 07:11:42.843
2020-05-07 07:11:43,988888,988995,2020-05-07 07:11:43.111
2020-05-07 07:11:43,988888,988995,2020-05-07 07:11:43.454
2020-05-07 07:11:43,988731,989312,2020-05-07 07:11:43.728
2020-05-07 07:11:43,988731,989312,2020-05-07 07:11:43.987
2020-05-07 07:11:44,988731,988838,2020-05-07 07:11:44.271
2020-05-07 07:11:44,988179,988838,2020-05-07 07:11:44.564
2020-05-07 07:11:44,988179,988731,2020-05-07 07:11:44.889
2020-05-07 07:11:45,988179,988731,2020-05-07 07:11:45.434
2020-05-07 07:11:46,988180,988754,2020-05-07 07:11:46.261
2020-05-07 07:11:46,988288,989164,2020-05-07 07:11:46.558
2020-05-07 07:11:46,988858,989006,2020-05-07 07:11:46.822
2020-05-07 07:11:47,988879,989284,2020-05-07 07:11:47.126
2020-05-07 07:11:47,989135,989284,2020-05-07 07:11:47.394
2020-05-07 07:11:47,989192,989511,2020-05-07 07:11:47.692
2020-05-07 07:11:47,989284,989511,2020-05-07 07:11:47.950
2020-05-07 07:11:48,989284,989511,2020-05-07 07:11:48.205
2020-05-07 07:11:48,989289,989511,2020-05-07 07:11:48.457
2020-05-07 07:11:48,989338,989511,2020-05-07 07:11:48.761
2020-05-07 07:11:49,989290,989570,2020-05-07 07:11:49.065
2020-05-07 07:11:49,989538,989570,2020-05-07 07:11:49.412
2020-05-07 07:11:49,989348,989674,2020-05-07 07:11:49.689
2020-05-07 07:11:50,989348,989866,2020-05-07 07:11:50.002
2020-05-07 07:11:50,989348,989865,2020-05-07 07:11:50.577
2020-05-07 07:11:50,989367,989865,2020-05-07 07:11:50.848
2020-05-07 07:11:51,989367,989865,2020-05-07 07:11:51.124
2020-05-07 07:11:51,989368,989865,2020-05-07 07:11:51.380
2020-05-07 07:11:51,989368,989865,2020-05-07 07:11:51.766
2020-05-07 07:11:52,989373,989852,2020-05-07 07:11:52.589
2020-05-07 07:11:52,989537,989852,2020-05-07 07:11:52.921
2020-05-07 07:11:53,989538,989852,2020-05-07 07:11:53.348
2020-05-07 07:11:53,989538,990050,2020-05-07 07:11:53.618
2020-05-07 07:11:55,989959,990317,2020-05-07 07:11:55.139
2020-05-07 07:11:55,989960,990312,2020-05-07 07:11:55.399
2020-05-07 07:11:55,989884,990311,2020-05-07 07:11:55.725
2020-05-07 07:11:56,989885,990311,2020-05-07 07:11:56.006
2020-05-07 07:11:56,989885,990317,2020-05-07 07:11:56.333
2020-05-07 07:11:56,989886,990312,2020-05-07 07:11:56.644
2020-05-07 07:11:56,989890,990312,2020-05-07 07:11:56.928
2020-05-07 07:11:57,989890,990342,2020-05-07 07:11:57.219
2020-05-07 07:11:57,989891,990491,2020-05-07 07:11:57.484
2020-05-07 07:11:57,989931,990490,2020-05-07 07:11:57.759
2020-05-07 07:11:58,989931,990490,2020-05-07 07:11:58.022
2020-05-07 07:11:58,989932,990490,2020-05-07 07:11:58.337
2020-05-07 07:11:58,989932,990490,2020-05-07 07:11:58.845
2020-05-07 07:11:59,989931,989933,2020-05-07 07:11:59.123
2020-05-07 07:11:59,989931,989933,2020-05-07 07:11:59.556
2020-05-07 07:11:59,989931,989933,2020-05-07 07:11:59.836
2020-05-07 07:12:00,989931,989933,2020-05-07 07:12:00.273
2020-05-07 07:12:00,989931,989933,2020-05-07 07:12:00.584
2020-05-07 07:12:00,989931,990262,2020-05-07 07:12:00.849
2020-05-07 07:12:01,989931,990241,2020-05-07 07:12:01.183
2020-05-07 07:12:01,989931,990241,2020-05-07 07:12:01.478
2020-05-07 07:12:01,989931,990236,2020-05-07 07:12:01.742
2020-05-07 07:12:02,989712,990236,2020-05-07 07:12:02.053
2020-05-07 07:12:02,989712,990241,2020-05-07 07:12:02.312
2020-05-07 07:12:02,989712,990236,2020-05-07 07:12:02.584
2020-05-07 07:12:02,989718,990236,2020-05-07 07:12:02.888
2020-05-07 07:12:03,989718,990235,2020-05-07 07:12:03.181
2020-05-07 07:12:03,989712,990235,2020-05-07 07:12:03.767
2020-05-07 07:12:04,989712,990235,2020-05-07 07:12:04.044
2020-05-07 07:12:04,989712,990234,2020-05-07 07:12:04.312
2020-05-07 07:12:04,989712,990233,2020-05-07 07:12:04.573
2020-05-07 07:12:04,989712,990233,2020-05-07 07:12:04.853
2020-05-07 07:12:05,989712,990229,2020-05-07 07:12:05.452
2020-05-07 07:12:06,989712,990229,2020-05-07 07:12:06.214
2020-05-07 07:12:06,989751,990207,2020-05-07 07:12:06.736
2020-05-07 07:12:07,989751,990203,2020-05-07 07:12:07.002
2020-05-07 07:12:07,989751,990203,2020-05-07 07:12:07.254
2020-05-07 07:12:08,989751,990202,2020-05-07 07:12:08.231
2020-05-07 07:12:08,989751,990201,2020-05-07 07:12:08.490
2020-05-07 07:12:08,989751,990201,2020-05-07 07:12:08.751
2020-05-07 07:12:09,989751,990195,2020-05-07 07:12:09.106
2020-05-07 07:12:09,989751,990195,2020-05-07 07:12:09.470
2020-05-07 07:12:09,989751,990194,2020-05-07 07:12:09.870
2020-05-07 07:12:10,989691,990189,2020-05-07 07:12:10.182
2020-05-07 07:12:10,989691,990169,2020-05-07 07:12:10.478
2020-05-07 07:12:10,989691,990168,2020-05-07 07:12:10.738
2020-05-07 07:12:11,989691,990163,2020-05-07 07:12:11.306
2020-05-07 07:12:11,989691,990158,2020-05-07 07:12:11.620
2020-05-07 07:12:11,989691,990157,2020-05-07 07:12:11.924
2020-05-07 07:12:12,989691,990154,2020-05-07 07:12:12.201
2020-05-07 07:12:12,989691,990153,2020-05-07 07:12:12.483
2020-05-07 07:12:12,989691,990149,2020-05-07 07:12:12.750
2020-05-07 07:12:13,989691,990149,2020-05-07 07:12:13.033
2020-05-07 07:12:13,989691,990149,2020-05-07 07:12:13.300
2020-05-07 07:12:13,989691,990147,2020-05-07 07:12:13.564
2020-05-07 07:12:13,989691,990147,2020-05-07 07:12:13.831
2020-05-07 07:12:14,989691,990147,2020-05-07 07:12:14.142
2020-05-07 07:12:14,989729,990146,2020-05-07 07:12:14.469
2020-05-07 07:12:14,989729,990155,2020-05-07 07:12:14.745
2020-05-07 07:12:15,989730,990145,2020-05-07 07:12:15.006
2020-05-07 07:12:15,989730,990145,2020-05-07 07:12:15.263
2020-05-07 07:12:15,989731,990155,2020-05-07 07:12:15.605
2020-05-07 07:12:16,990145,990155,2020-05-07 07:12:16.471
2020-05-07 07:12:16,990145,990155,2020-05-07 07:12:16.752
2020-05-07 07:12:17,990409,990442,2020-05-07 07:12:17.009
2020-05-07 07:12:17,990409,990442,2020-05-07 07:12:17.276
2020-05-07 07:12:17,990189,990442,2020-05-07 07:12:17.553
2020-05-07 07:12:17,990189,990442,2020-05-07 07:12:17.877
2020-05-07 07:12:18,990414,990489,2020-05-07 07:12:18.202
2020-05-07 07:12:18,990414,990584,2020-05-07 07:12:18.461
2020-05-07 07:12:18,990384,990584,2020-05-07 07:12:18.755
2020-05-07 07:12:19,990384,990583,2020-05-07 07:12:19.197
2020-05-07 07:12:19,990384,990583,2020-05-07 07:12:19.592
2020-05-07 07:12:19,990495,990908,2020-05-07 07:12:19.897
2020-05-07 07:12:20,990495,990908,2020-05-07 07:12:20.435
2020-05-07 07:12:20,990481,990860,2020-05-07 07:12:20.716
2020-05-07 07:12:21,990481,990860,2020-05-07 07:12:21.020
2020-05-07 07:12:21,990482,990860,2020-05-07 07:12:21.410
2020-05-07 07:12:21,990615,990860,2020-05-07 07:12:21.683
2020-05-07 07:12:22,990620,990911,2020-05-07 07:12:22.185
2020-05-07 07:12:22,990620,990911,2020-05-07 07:12:22.461
2020-05-07 07:12:23,990641,990911,2020-05-07 07:12:23.176
2020-05-07 07:12:23,990756,990911,2020-05-07 07:12:23.498
2020-05-07 07:12:23,990787,991232,2020-05-07 07:12:23.800
2020-05-07 07:12:24,990787,991232,2020-05-07 07:12:24.071
2020-05-07 07:12:24,990792,991232,2020-05-07 07:12:24.384
2020-05-07 07:12:24,990792,991232,2020-05-07 07:12:24.652
2020-05-07 07:12:24,990792,991232,2020-05-07 07:12:24.928
2020-05-07 07:12:25,990792,991232,2020-05-07 07:12:25.713
2020-05-07 07:12:26,990781,991258,2020-05-07 07:12:26.037
2020-05-07 07:12:26,990781,991236,2020-05-07 07:12:26.293
2020-05-07 07:12:26,990786,991236,2020-05-07 07:12:26.607
2020-05-07 07:12:27,990786,991236,2020-05-07 07:12:27.030
2020-05-07 07:12:27,990625,991236,2020-05-07 07:12:27.296
2020-05-07 07:12:27,990625,991236,2020-05-07 07:12:27.590
2020-05-07 07:12:27,990608,990864,2020-05-07 07:12:27.873
2020-05-07 07:12:28,990590,990864,2020-05-07 07:12:28.148
2020-05-07 07:12:28,990590,990864,2020-05-07 07:12:28.417
2020-05-07 07:12:28,990714,991204,2020-05-07 07:12:28.681
2020-05-07 07:12:29,990719,991199,2020-05-07 07:12:29.219
2020-05-07 07:12:30,990719,991199,2020-05-07 07:12:30.060
2020-05-07 07:12:30,990714,991198,2020-05-07 07:12:30.325
2020-05-07 07:12:30,990714,991255,2020-05-07 07:12:30.586
2020-05-07 07:12:30,990714,991250,2020-05-07 07:12:30.889
2020-05-07 07:12:31,990714,991250,2020-05-07 07:12:31.175
2020-05-07 07:12:31,990714,991250,2020-05-07 07:12:31.473
2020-05-07 07:12:31,990714,991249,2020-05-07 07:12:31.753
2020-05-07 07:12:32,990714,991249,2020-05-07 07:12:32.026
2020-05-07 07:12:32,990739,991248,2020-05-07 07:12:32.289
2020-05-07 07:12:32,990739,991248,2020-05-07 07:12:32.828
2020-05-07 07:12:33,990739,990978,2020-05-07 07:12:33.284
2020-05-07 07:12:33,990714,990973,2020-05-07 07:12:33.664
2020-05-07 07:12:33,990359,990972,2020-05-07 07:12:33.945
2020-05-07 07:12:34,990393,990637,2020-05-07 07:12:34.242
2020-05-07 07:12:34,990393,990637,2020-05-07 07:12:34.601
2020-05-07 07:12:34,990394,990636,2020-05-07 07:12:34.872
2020-05-07 07:12:35,990394,990631,2020-05-07 07:12:35.220
2020-05-07 07:12:36,990394,990631,2020-05-07 07:12:36.532
2020-05-07 07:12:36,990420,990625,2020-05-07 07:12:36.839
2020-05-07 07:12:37,990421,990625,2020-05-07 07:12:37.156
2020-05-07 07:12:37,990420,990625,2020-05-07 07:12:37.440
2020-05-07 07:12:37,990420,990852,2020-05-07 07:12:37.707
2020-05-07 07:12:37,990420,990852,2020-05-07 07:12:37.980
2020-05-07 07:12:38,990420,990852,2020-05-07 07:12:38.274
2020-05-07 07:12:38,990420,990852,2020-05-07 07:12:38.584
2020-05-07 07:12:38,990420,990852,2020-05-07 07:12:38.873
2020-05-07 07:12:39,990420,990852,2020-05-07 07:12:39.185
2020-05-07 07:12:39,990420,990852,2020-05-07 07:12:39.504
2020-05-07 07:12:39,990677,990852,2020-05-07 07:12:39.773
2020-05-07 07:12:40,990857,990852,2020-05-07 07:12:40.071
2020-05-07 07:12:41,990678,990852,2020-05-07 07:12:41.383
2020-05-07 07:12:41,990700,990852,2020-05-07 07:12:41.715
2020-05-07 07:12:42,990701,990852,2020-05-07 07:12:42.054
2020-05-07 07:12:42,990701,990852,2020-05-07 07:12:42.537
2020-05-07 07:12:42,990700,990852,2020-05-07 07:12:42.842
2020-05-07 07:12:43,990701,990852,2020-05-07 07:12:43.226
2020-05-07 07:12:43,990702,990852,2020-05-07 07:12:43.501
2020-05-07 07:12:43,990702,990852,2020-05-07 07:12:43.756
2020-05-07 07:12:44,990707,990852,2020-05-07 07:12:44.027
2020-05-07 07:12:44,990707,990852,2020-05-07 07:12:44.285
2020-05-07 07:12:44,990707,990852,2020-05-07 07:12:44.569
2020-05-07 07:12:44,990707,990852,2020-05-07 07:12:44.852
2020-05-07 07:12:45,990707,990852,2020-05-07 07:12:45.109
2020-05-07 07:12:45,990728,990852,2020-05-07 07:12:45.431
2020-05-07 07:12:45,990729,990852,2020-05-07 07:12:45.729
2020-05-07 07:12:46,990728,990852,2020-05-07 07:12:46.062
2020-05-07 07:12:46,990729,990852,2020-05-07 07:12:46.393
2020-05-07 07:12:46,990729,990852,2020-05-07 07:12:46.652
2020-05-07 07:12:46,990734,990852,2020-05-07 07:12:46.931
2020-05-07 07:12:47,990734,990852,2020-05-07 07:12:47.191
2020-05-07 07:12:47,990734,990852,2020-05-07 07:12:47.611
2020-05-07 07:12:48,990734,990852,2020-05-07 07:12:48.103
2020-05-07 07:12:48,990734,990852,2020-05-07 07:12:48.400
2020-05-07 07:12:48,990734,990852,2020-05-07 07:12:48.684
2020-05-07 07:12:48,990734,990852,2020-05-07 07:12:48.954
2020-05-07 07:12:49,990734,990852,2020-05-07 07:12:49.269
2020-05-07 07:12:49,990735,990852,2020-05-07 07:12:49.571
2020-05-07 07:12:49,990756,990852,2020-05-07 07:12:49.851
2020-05-07 07:12:50,990756,990852,2020-05-07 07:12:50.113
2020-05-07 07:12:50,990757,990852,2020-05-07 07:12:50.478
2020-05-07 07:12:50,990756,990852,2020-05-07 07:12:50.825
2020-05-07 07:12:51,990757,990852,2020-05-07 07:12:51.579
2020-05-07 07:12:51,990756,990852,2020-05-07 07:12:51.937
2020-05-07 07:12:52,990761,990852,2020-05-07 07:12:52.363
2020-05-07 07:12:52,990761,990852,2020-05-07 07:12:52.649
2020-05-07 07:12:52,990761,990852,2020-05-07 07:12:52.926
2020-05-07 07:12:53,990761,990852,2020-05-07 07:12:53.209
2020-05-07 07:12:53,990761,990852,2020-05-07 07:12:53.509
2020-05-07 07:12:53,990761,990852,2020-05-07 07:12:53.832
2020-05-07 07:12:54,990761,990852,2020-05-07 07:12:54.124
2020-05-07 07:12:54,990761,990852,2020-05-07 07:12:54.391
2020-05-07 07:12:54,990761,990852,2020-05-07 07:12:54.659
2020-05-07 07:12:54,990735,990852,2020-05-07 07:12:54.946
2020-05-07 07:12:55,990785,990852,2020-05-07 07:12:55.229
2020-05-07 07:12:55,990785,990852,2020-05-07 07:12:55.487
2020-05-07 07:12:55,990785,990852,2020-05-07 07:12:55.900
2020-05-07 07:12:56,990785,990852,2020-05-07 07:12:56.242
2020-05-07 07:12:56,990785,990852,2020-05-07 07:12:56.550
2020-05-07 07:12:56,990785,990852,2020-05-07 07:12:56.828
2020-05-07 07:12:57,990735,990852,2020-05-07 07:12:57.424
2020-05-07 07:12:57,990735,990852,2020-05-07 07:12:57.707
2020-05-07 07:12:58,990708,990852,2020-05-07 07:12:58.022
2020-05-07 07:12:58,990708,990852,2020-05-07 07:12:58.345
2020-05-07 07:12:58,990708,990852,2020-05-07 07:12:58.615
2020-05-07 07:12:58,990729,990852,2020-05-07 07:12:58.880
2020-05-07 07:12:59,990729,990852,2020-05-07 07:12:59.155
2020-05-07 07:12:59,990603,990852,2020-05-07 07:12:59.423
2020-05-07 07:12:59,990731,991311,2020-05-07 07:12:59.703
2020-05-07 07:13:00,990696,991310,2020-05-07 07:13:00.003
2020-05-07 07:13:00,990604,991310,2020-05-07 07:13:00.264
2020-05-07 07:13:00,990703,991305,2020-05-07 07:13:00.833
2020-05-07 07:13:01,990605,991277,2020-05-07 07:13:01.090
2020-05-07 07:13:01,990605,991277,2020-05-07 07:13:01.341
2020-05-07 07:13:01,990709,991277,2020-05-07 07:13:01.722
2020-05-07 07:13:01,990605,991271,2020-05-07 07:13:01.983
2020-05-07 07:13:02,990605,991271,2020-05-07 07:13:02.531
2020-05-07 07:13:02,990610,991250,2020-05-07 07:13:02.787
2020-05-07 07:13:03,990605,991225,2020-05-07 07:13:03.565
2020-05-07 07:13:03,990601,991220,2020-05-07 07:13:03.917
2020-05-07 07:13:04,990606,991220,2020-05-07 07:13:04.380
2020-05-07 07:13:04,990606,990729,2020-05-07 07:13:04.661
2020-05-07 07:13:05,990603,990729,2020-05-07 07:13:04.928
2020-05-07 07:13:05,990608,991192,2020-05-07 07:13:05.284
2020-05-07 07:13:05,990760,991191,2020-05-07 07:13:05.540
2020-05-07 07:13:05,990760,991191,2020-05-07 07:13:05.801
2020-05-07 07:13:06,990757,991191,2020-05-07 07:13:06.055
2020-05-07 07:13:06,990757,991191,2020-05-07 07:13:06.357
2020-05-07 07:13:06,990778,991190,2020-05-07 07:13:06.649
2020-05-07 07:13:06,990778,991190,2020-05-07 07:13:06.960
2020-05-07 07:13:07,990783,991230,2020-05-07 07:13:07.259
2020-05-07 07:13:07,990783,991189,2020-05-07 07:13:07.516
2020-05-07 07:13:07,990783,991189,2020-05-07 07:13:07.991
2020-05-07 07:13:08,990783,991188,2020-05-07 07:13:08.251
2020-05-07 07:13:08,990783,991228,2020-05-07 07:13:08.585
2020-05-07 07:13:08,991000,991187,2020-05-07 07:13:08.843
2020-05-07 07:13:09,991000,991187,2020-05-07 07:13:09.138
2020-05-07 07:13:09,991000,991187,2020-05-07 07:13:09.406
2020-05-07 07:13:09,991005,991186,2020-05-07 07:13:09.665
2020-05-07 07:13:09,991005,991226,2020-05-07 07:13:09.938
2020-05-07 07:13:10,991005,991225,2020-05-07 07:13:10.208
2020-05-07 07:13:10,991005,991225,2020-05-07 07:13:10.525
2020-05-07 07:13:10,991005,991224,2020-05-07 07:13:10.800
2020-05-07 07:13:11,991005,991224,2020-05-07 07:13:11.067
2020-05-07 07:13:11,991000,991203,2020-05-07 07:13:11.335
2020-05-07 07:13:11,991005,991203,2020-05-07 07:13:11.601
2020-05-07 07:13:11,990809,991203,2020-05-07 07:13:11.890
2020-05-07 07:13:12,990809,991198,2020-05-07 07:13:12.148
2020-05-07 07:13:12,990809,991198,2020-05-07 07:13:12.442
2020-05-07 07:13:12,991376,991322,2020-05-07 07:13:12.731
2020-05-07 07:13:13,990707,991322,2020-05-07 07:13:13.027
2020-05-07 07:13:13,990712,991229,2020-05-07 07:13:13.292
2020-05-07 07:13:13,990712,991229,2020-05-07 07:13:13.560
2020-05-07 07:13:13,991000,991224,2020-05-07 07:13:13.839
2020-05-07 07:13:14,991000,991224,2020-05-07 07:13:14.104
2020-05-07 07:13:14,991000,991258,2020-05-07 07:13:14.399
2020-05-07 07:13:14,991000,991258,2020-05-07 07:13:14.717
2020-05-07 07:13:14,991000,991253,2020-05-07 07:13:14.986
2020-05-07 07:13:15,991000,991253,2020-05-07 07:13:15.467
2020-05-07 07:13:15,991005,991197,2020-05-07 07:13:15.746
2020-05-07 07:13:16,991005,991197,2020-05-07 07:13:16.118
2020-05-07 07:13:16,991005,991197,2020-05-07 07:13:16.697
2020-05-07 07:13:16,990798,991197,2020-05-07 07:13:16.955
2020-05-07 07:13:17,991005,991251,2020-05-07 07:13:17.468
2020-05-07 07:13:17,990810,991191,2020-05-07 07:13:17.833
2020-05-07 07:13:18,990810,991186,2020-05-07 07:13:18.173
2020-05-07 07:13:18,990810,991186,2020-05-07 07:13:18.616
2020-05-07 07:13:18,990657,991180,2020-05-07 07:13:18.888
2020-05-07 07:13:19,990654,991180,2020-05-07 07:13:19.194
2020-05-07 07:13:19,990654,991180,2020-05-07 07:13:19.479
2020-05-07 07:13:19,990708,991180,2020-05-07 07:13:19.749
2020-05-07 07:13:20,990708,991180,2020-05-07 07:13:20.057
2020-05-07 07:13:20,990709,991151,2020-05-07 07:13:20.351
2020-05-07 07:13:20,990709,991151,2020-05-07 07:13:20.635
2020-05-07 07:13:20,990709,991151,2020-05-07 07:13:20.951
2020-05-07 07:13:21,990662,991151,2020-05-07 07:13:21.229
2020-05-07 07:13:21,990662,991168,2020-05-07 07:13:21.606
2020-05-07 07:13:21,990662,991168,2020-05-07 07:13:21.897
2020-05-07 07:13:22,990616,991112,2020-05-07 07:13:22.277
2020-05-07 07:13:22,990615,991112,2020-05-07 07:13:22.548
2020-05-07 07:13:22,990502,991112,2020-05-07 07:13:22.851
2020-05-07 07:13:23,990502,991112,2020-05-07 07:13:23.198
2020-05-07 07:13:23,990638,991162,2020-05-07 07:13:23.631
2020-05-07 07:13:23,990638,991162,2020-05-07 07:13:23.946
2020-05-07 07:13:24,990638,991227,2020-05-07 07:13:24.258
2020-05-07 07:13:24,990638,991227,2020-05-07 07:13:24.573
2020-05-07 07:13:25,990638,991202,2020-05-07 07:13:25.018
2020-05-07 07:13:25,990638,991202,2020-05-07 07:13:25.284
2020-05-07 07:13:25,990638,991201,2020-05-07 07:13:25.934
2020-05-07 07:13:26,990639,991201,2020-05-07 07:13:26.367
2020-05-07 07:13:26,990639,991114,2020-05-07 07:13:26.645
2020-05-07 07:13:26,990640,991109,2020-05-07 07:13:26.920
2020-05-07 07:13:27,990640,991109,2020-05-07 07:13:27.204
2020-05-07 07:13:27,990638,991108,2020-05-07 07:13:27.474
2020-05-07 07:13:27,990638,991108,2020-05-07 07:13:27.796
2020-05-07 07:13:28,990581,991109,2020-05-07 07:13:28.079
2020-05-07 07:13:28,990550,990638,2020-05-07 07:13:28.358
2020-05-07 07:13:28,990550,991113,2020-05-07 07:13:28.701
2020-05-07 07:13:28,990638,991138,2020-05-07 07:13:28.973
2020-05-07 07:13:29,990638,991138,2020-05-07 07:13:29.533
2020-05-07 07:13:29,990647,991133,2020-05-07 07:13:29.820
2020-05-07 07:13:30,990668,991138,2020-05-07 07:13:30.129
2020-05-07 07:13:30,990668,991133,2020-05-07 07:13:30.436
2020-05-07 07:13:31,990669,991109,2020-05-07 07:13:31.416
2020-05-07 07:13:32,990670,991104,2020-05-07 07:13:32.182
2020-05-07 07:13:32,990675,991186,2020-05-07 07:13:32.437
2020-05-07 07:13:32,990675,991186,2020-05-07 07:13:32.711
2020-05-07 07:13:33,990675,991186,2020-05-07 07:13:33.464
2020-05-07 07:13:33,990588,991180,2020-05-07 07:13:33.750
2020-05-07 07:13:34,990672,991180,2020-05-07 07:13:34.050
2020-05-07 07:13:34,990673,991179,2020-05-07 07:13:34.319
2020-05-07 07:13:34,990673,991179,2020-05-07 07:13:34.577
2020-05-07 07:13:34,990673,991104,2020-05-07 07:13:34.875
2020-05-07 07:13:35,990678,991104,2020-05-07 07:13:35.170
2020-05-07 07:13:35,990678,991104,2020-05-07 07:13:35.452
2020-05-07 07:13:35,990674,991099,2020-05-07 07:13:35.746
2020-05-07 07:13:36,990679,991104,2020-05-07 07:13:36.009
2020-05-07 07:13:36,990679,991099,2020-05-07 07:13:36.540
2020-05-07 07:13:36,990675,991099,2020-05-07 07:13:36.838
2020-05-07 07:13:37,990675,991013,2020-05-07 07:13:37.596
2020-05-07 07:13:38,990680,991008,2020-05-07 07:13:38.055
2020-05-07 07:13:39,990482,991008,2020-05-07 07:13:39.012
2020-05-07 07:13:39,990508,991120,2020-05-07 07:13:39.282
2020-05-07 07:13:39,990508,991120,2020-05-07 07:13:39.696
2020-05-07 07:13:39,990509,991119,2020-05-07 07:13:39.967
2020-05-07 07:13:40,990514,990913,2020-05-07 07:13:40.265
2020-05-07 07:13:40,990508,990913,2020-05-07 07:13:40.798
2020-05-07 07:13:41,990377,990912,2020-05-07 07:13:41.082
2020-05-07 07:13:41,990491,990801,2020-05-07 07:13:41.347
2020-05-07 07:13:41,990377,990801,2020-05-07 07:13:41.606
2020-05-07 07:13:41,990408,990801,2020-05-07 07:13:41.869
2020-05-07 07:13:42,990492,990801,2020-05-07 07:13:42.140
2020-05-07 07:13:42,990413,990796,2020-05-07 07:13:42.419
2020-05-07 07:13:42,990493,990796,2020-05-07 07:13:42.679
2020-05-07 07:13:42,990414,990847,2020-05-07 07:13:42.942
2020-05-07 07:13:43,990494,990842,2020-05-07 07:13:43.271
2020-05-07 07:13:43,990415,990842,2020-05-07 07:13:43.534
2020-05-07 07:13:44,990415,990842,2020-05-07 07:13:44.406
2020-05-07 07:13:44,990500,990821,2020-05-07 07:13:44.667
2020-05-07 07:13:44,990500,990816,2020-05-07 07:13:44.968
2020-05-07 07:13:45,990497,990816,2020-05-07 07:13:45.254
2020-05-07 07:13:45,990419,990821,2020-05-07 07:13:45.597
2020-05-07 07:13:45,990498,990716,2020-05-07 07:13:45.955
2020-05-07 07:13:46,990503,990716,2020-05-07 07:13:46.214
2020-05-07 07:13:46,990503,990716,2020-05-07 07:13:46.473
2020-05-07 07:13:46,990503,990716,2020-05-07 07:13:46.750
2020-05-07 07:13:47,990500,990803,2020-05-07 07:13:47.108
2020-05-07 07:13:47,990422,990803,2020-05-07 07:13:47.938
2020-05-07 07:13:48,990443,990758,2020-05-07 07:13:48.207
2020-05-07 07:13:48,990502,990780,2020-05-07 07:13:48.484
2020-05-07 07:13:48,990507,990798,2020-05-07 07:13:48.831
2020-05-07 07:13:49,990507,990854,2020-05-07 07:13:49.117
2020-05-07 07:13:49,990443,990854,2020-05-07 07:13:49.402
2020-05-07 07:13:49,990508,990854,2020-05-07 07:13:49.663
2020-05-07 07:13:49,990505,990854,2020-05-07 07:13:49.926
2020-05-07 07:13:50,990505,990854,2020-05-07 07:13:50.234
2020-05-07 07:13:50,990448,990865,2020-05-07 07:13:50.632
2020-05-07 07:13:50,990506,990870,2020-05-07 07:13:50.917
2020-05-07 07:13:51,990511,990870,2020-05-07 07:13:51.203
2020-05-07 07:13:51,990511,990872,2020-05-07 07:13:51.507
2020-05-07 07:13:51,990511,990872,2020-05-07 07:13:51.820
2020-05-07 07:13:52,990425,990888,2020-05-07 07:13:52.093
2020-05-07 07:13:52,990425,990867,2020-05-07 07:13:52.352
2020-05-07 07:13:52,990388,990867,2020-05-07 07:13:52.620
2020-05-07 07:13:53,990388,990862,2020-05-07 07:13:53.265
2020-05-07 07:13:53,990388,990861,2020-05-07 07:13:53.881
2020-05-07 07:13:54,990388,990861,2020-05-07 07:13:54.170
2020-05-07 07:13:54,990388,990858,2020-05-07 07:13:54.439
2020-05-07 07:13:54,990388,990856,2020-05-07 07:13:54.728
2020-05-07 07:13:55,990388,990856,2020-05-07 07:13:55.031
2020-05-07 07:13:55,990388,990856,2020-05-07 07:13:55.305
2020-05-07 07:13:55,990388,990856,2020-05-07 07:13:55.651
2020-05-07 07:13:55,990388,990850,2020-05-07 07:13:55.946
2020-05-07 07:13:56,990388,990829,2020-05-07 07:13:56.302
2020-05-07 07:13:57,990388,990824,2020-05-07 07:13:57.116
2020-05-07 07:13:57,990311,990823,2020-05-07 07:13:57.490
2020-05-07 07:13:57,990781,990819,2020-05-07 07:13:57.772
2020-05-07 07:13:58,990309,990819,2020-05-07 07:13:58.037
2020-05-07 07:13:58,990309,990757,2020-05-07 07:13:58.336
2020-05-07 07:13:58,990309,990757,2020-05-07 07:13:58.605
2020-05-07 07:13:58,990309,990752,2020-05-07 07:13:58.874
2020-05-07 07:13:59,990309,990752,2020-05-07 07:13:59.285
2020-05-07 07:13:59,990309,990752,2020-05-07 07:13:59.581
2020-05-07 07:13:59,990305,990752,2020-05-07 07:13:59.899
2020-05-07 07:14:00,990333,990751,2020-05-07 07:14:00.246
2020-05-07 07:14:00,990333,990747,2020-05-07 07:14:00.550
2020-05-07 07:14:00,990333,990746,2020-05-07 07:14:00.821
2020-05-07 07:14:01,990333,990746,2020-05-07 07:14:01.119
2020-05-07 07:14:01,990333,990746,2020-05-07 07:14:01.507
2020-05-07 07:14:01,990333,990744,2020-05-07 07:14:01.936
2020-05-07 07:14:02,990333,990740,2020-05-07 07:14:02.354
2020-05-07 07:14:02,990333,990739,2020-05-07 07:14:02.653
2020-05-07 07:14:02,990333,990739,2020-05-07 07:14:02.955
2020-05-07 07:14:03,990333,990734,2020-05-07 07:14:03.235
2020-05-07 07:14:03,990333,990734,2020-05-07 07:14:03.642
2020-05-07 07:14:03,990308,990728,2020-05-07 07:14:03.911
2020-05-07 07:14:04,990308,990728,2020-05-07 07:14:04.398
2020-05-07 07:14:04,990308,990728,2020-05-07 07:14:04.703
2020-05-07 07:14:04,990308,990728,2020-05-07 07:14:04.987
2020-05-07 07:14:05,990308,990728,2020-05-07 07:14:05.290
2020-05-07 07:14:05,990336,990728,2020-05-07 07:14:05.670
2020-05-07 07:14:05,990336,990728,2020-05-07 07:14:05.972
2020-05-07 07:14:06,990336,990728,2020-05-07 07:14:06.236
2020-05-07 07:14:06,990336,990723,2020-05-07 07:14:06.619
2020-05-07 07:14:06,990336,990723,2020-05-07 07:14:06.901
2020-05-07 07:14:07,990336,990723,2020-05-07 07:14:07.261
2020-05-07 07:14:07,990336,990723,2020-05-07 07:14:07.814
2020-05-07 07:14:08,990304,990723,2020-05-07 07:14:08.115
2020-05-07 07:14:08,990304,990723,2020-05-07 07:14:08.549
2020-05-07 07:14:08,990304,990718,2020-05-07 07:14:08.833
2020-05-07 07:14:09,990304,990717,2020-05-07 07:14:09.093
2020-05-07 07:14:09,990303,990694,2020-05-07 07:14:09.391
2020-05-07 07:14:09,990303,990694,2020-05-07 07:14:09.663
2020-05-07 07:14:09,990304,990689,2020-05-07 07:14:09.936
2020-05-07 07:14:10,990304,990689,2020-05-07 07:14:10.231
2020-05-07 07:14:10,990359,990689,2020-05-07 07:14:10.521
2020-05-07 07:14:10,990359,990689,2020-05-07 07:14:10.847
2020-05-07 07:14:11,990359,990684,2020-05-07 07:14:11.118
2020-05-07 07:14:11,990359,990684,2020-05-07 07:14:11.399
2020-05-07 07:14:11,990359,990684,2020-05-07 07:14:11.650
2020-05-07 07:14:11,990310,990684,2020-05-07 07:14:11.931
2020-05-07 07:14:12,990309,990684,2020-05-07 07:14:12.250
2020-05-07 07:14:12,990311,990684,2020-05-07 07:14:12.556
2020-05-07 07:14:13,990422,990684,2020-05-07 07:14:13.056
2020-05-07 07:14:13,990422,990682,2020-05-07 07:14:13.364
2020-05-07 07:14:13,990422,990682,2020-05-07 07:14:13.677
2020-05-07 07:14:14,990422,990682,2020-05-07 07:14:14.112
2020-05-07 07:14:14,990320,990751,2020-05-07 07:14:14.383
2020-05-07 07:14:14,990320,990751,2020-05-07 07:14:14.654
2020-05-07 07:14:14,990320,990751,2020-05-07 07:14:14.946
2020-05-07 07:14:15,990407,990752,2020-05-07 07:14:15.230
2020-05-07 07:14:15,990407,990752,2020-05-07 07:14:15.514
2020-05-07 07:14:15,990407,990752,2020-05-07 07:14:15.791
2020-05-07 07:14:16,990407,990752,2020-05-07 07:14:16.063
2020-05-07 07:14:16,990407,990752,2020-05-07 07:14:16.338
2020-05-07 07:14:16,990407,990752,2020-05-07 07:14:16.626
2020-05-07 07:14:16,990343,990752,2020-05-07 07:14:16.915
2020-05-07 07:14:17,990343,990752,2020-05-07 07:14:17.256
2020-05-07 07:14:17,990309,990752,2020-05-07 07:14:17.551
2020-05-07 07:14:17,990309,990752,2020-05-07 07:14:17.968
2020-05-07 07:14:18,990309,990752,2020-05-07 07:14:18.305
2020-05-07 07:14:18,990307,990752,2020-05-07 07:14:18.572
2020-05-07 07:14:18,990310,990751,2020-05-07 07:14:18.861
2020-05-07 07:14:19,990310,990751,2020-05-07 07:14:19.135
2020-05-07 07:14:19,990310,990751,2020-05-07 07:14:19.425
2020-05-07 07:14:19,990310,990731,2020-05-07 07:14:19.681
2020-05-07 07:14:19,990310,990731,2020-05-07 07:14:19.938
2020-05-07 07:14:21,990310,990731,2020-05-07 07:14:21.094
2020-05-07 07:14:21,990310,990726,2020-05-07 07:14:21.503
2020-05-07 07:14:21,990310,990726,2020-05-07 07:14:21.827
2020-05-07 07:14:22,990308,990726,2020-05-07 07:14:22.084
2020-05-07 07:14:22,990303,990726,2020-05-07 07:14:22.343
2020-05-07 07:14:22,990303,990726,2020-05-07 07:14:22.614
2020-05-07 07:14:23,990303,990705,2020-05-07 07:14:23.060
2020-05-07 07:14:23,990190,990500,2020-05-07 07:14:23.333
2020-05-07 07:14:23,990187,990303,2020-05-07 07:14:23.630
2020-05-07 07:14:23,990187,990495,2020-05-07 07:14:23.978
2020-05-07 07:14:24,990143,990494,2020-05-07 07:14:24.254
2020-05-07 07:14:24,990143,990494,2020-05-07 07:14:24.526
2020-05-07 07:14:24,990143,990494,2020-05-07 07:14:24.830
2020-05-07 07:14:25,990143,990489,2020-05-07 07:14:25.163
2020-05-07 07:14:25,990143,990489,2020-05-07 07:14:25.635
2020-05-07 07:14:25,990143,990489,2020-05-07 07:14:25.968
2020-05-07 07:14:26,990143,990484,2020-05-07 07:14:26.424
2020-05-07 07:14:26,990143,990484,2020-05-07 07:14:26.681
2020-05-07 07:14:27,990143,990484,2020-05-07 07:14:27.247
2020-05-07 07:14:27,989993,990484,2020-05-07 07:14:27.634
2020-05-07 07:14:27,989676,989724,2020-05-07 07:14:27.902
2020-05-07 07:14:29,989682,990223,2020-05-07 07:14:29.438
2020-05-07 07:14:29,989682,990223,2020-05-07 07:14:29.705
2020-05-07 07:14:30,989676,990222,2020-05-07 07:14:29.991
2020-05-07 07:14:30,989676,990078,2020-05-07 07:14:30.284
2020-05-07 07:14:30,989676,990006,2020-05-07 07:14:30.559
2020-05-07 07:14:30,989677,990006,2020-05-07 07:14:30.863
2020-05-07 07:14:31,989676,990001,2020-05-07 07:14:31.149
2020-05-07 07:14:31,989677,989984,2020-05-07 07:14:31.435
2020-05-07 07:14:31,989676,989980,2020-05-07 07:14:31.761
2020-05-07 07:14:32,989676,989979,2020-05-07 07:14:32.020
2020-05-07 07:14:32,989240,989979,2020-05-07 07:14:32.291
2020-05-07 07:14:32,989240,989979,2020-05-07 07:14:32.564
2020-05-07 07:14:32,988883,989676,2020-05-07 07:14:32.859
2020-05-07 07:14:33,988883,989671,2020-05-07 07:14:33.187
2020-05-07 07:14:33,988884,989670,2020-05-07 07:14:33.466
2020-05-07 07:14:33,988884,989670,2020-05-07 07:14:33.771
2020-05-07 07:14:34,988885,989669,2020-05-07 07:14:34.070
2020-05-07 07:14:34,988885,989669,2020-05-07 07:14:34.326
2020-05-07 07:14:34,988791,989537,2020-05-07 07:14:34.599
2020-05-07 07:14:34,988791,989441,2020-05-07 07:14:34.851
2020-05-07 07:14:35,988791,989440,2020-05-07 07:14:35.121
2020-05-07 07:14:36,988792,989436,2020-05-07 07:14:36.147
2020-05-07 07:14:36,988793,989431,2020-05-07 07:14:36.434
2020-05-07 07:14:36,988838,989431,2020-05-07 07:14:36.726
2020-05-07 07:14:37,988838,989431,2020-05-07 07:14:37.002
2020-05-07 07:14:37,988839,989428,2020-05-07 07:14:37.274
2020-05-07 07:14:37,989000,989425,2020-05-07 07:14:37.566
2020-05-07 07:14:37,989000,989425,2020-05-07 07:14:37.906
2020-05-07 07:14:38,989341,989424,2020-05-07 07:14:38.199
2020-05-07 07:14:38,989341,989422,2020-05-07 07:14:38.486
2020-05-07 07:14:38,989341,989422,2020-05-07 07:14:38.939
2020-05-07 07:14:39,989000,989423,2020-05-07 07:14:39.195
2020-05-07 07:14:39,989315,989425,2020-05-07 07:14:39.698
2020-05-07 07:14:40,989320,989622,2020-05-07 07:14:40.303
2020-05-07 07:14:40,989315,989617,2020-05-07 07:14:40.584
2020-05-07 07:14:40,989320,989617,2020-05-07 07:14:40.870
2020-05-07 07:14:41,989320,989617,2020-05-07 07:14:41.318
2020-05-07 07:14:41,989320,989613,2020-05-07 07:14:41.855
2020-05-07 07:14:42,989320,989607,2020-05-07 07:14:42.160
2020-05-07 07:14:42,989320,989607,2020-05-07 07:14:42.418
2020-05-07 07:14:42,989320,989607,2020-05-07 07:14:42.686
2020-05-07 07:14:42,989321,989611,2020-05-07 07:14:42.972
2020-05-07 07:14:43,989321,989611,2020-05-07 07:14:43.252
2020-05-07 07:14:43,989321,989611,2020-05-07 07:14:43.691
2020-05-07 07:14:43,989326,989612,2020-05-07 07:14:43.980
2020-05-07 07:14:44,989315,989655,2020-05-07 07:14:44.243
2020-05-07 07:14:44,989327,989646,2020-05-07 07:14:44.535
2020-05-07 07:14:44,989327,989655,2020-05-07 07:14:44.831
2020-05-07 07:14:45,989327,989655,2020-05-07 07:14:45.491
2020-05-07 07:14:46,989333,989655,2020-05-07 07:14:46.236
2020-05-07 07:14:46,989333,989655,2020-05-07 07:14:46.545
2020-05-07 07:14:46,989333,989655,2020-05-07 07:14:46.919
2020-05-07 07:14:47,989333,989655,2020-05-07 07:14:47.276
2020-05-07 07:14:47,989333,989655,2020-05-07 07:14:47.533
2020-05-07 07:14:48,989333,989655,2020-05-07 07:14:48.120
2020-05-07 07:14:48,989333,989655,2020-05-07 07:14:48.447
2020-05-07 07:14:48,989333,989655,2020-05-07 07:14:48.755
2020-05-07 07:14:49,990263,989655,2020-05-07 07:14:49.028
2020-05-07 07:14:49,990217,989655,2020-05-07 07:14:49.300
2020-05-07 07:14:49,990268,990368,2020-05-07 07:14:49.583
2020-05-07 07:14:49,990300,990368,2020-05-07 07:14:49.842
2020-05-07 07:14:50,990217,990368,2020-05-07 07:14:50.209
2020-05-07 07:14:50,990305,990368,2020-05-07 07:14:50.488
2020-05-07 07:14:50,990056,990368,2020-05-07 07:14:50.762
2020-05-07 07:14:51,990212,990368,2020-05-07 07:14:51.021
2020-05-07 07:14:51,990212,990368,2020-05-07 07:14:51.304
2020-05-07 07:14:51,990212,990368,2020-05-07 07:14:51.580
2020-05-07 07:14:51,990212,990368,2020-05-07 07:14:51.874
2020-05-07 07:14:52,990212,990368,2020-05-07 07:14:52.170
2020-05-07 07:14:52,990127,990368,2020-05-07 07:14:52.490
2020-05-07 07:14:52,990143,990368,2020-05-07 07:14:52.746
2020-05-07 07:14:53,990169,990368,2020-05-07 07:14:53.018
2020-05-07 07:14:53,990169,990368,2020-05-07 07:14:53.279
2020-05-07 07:14:53,990169,990368,2020-05-07 07:14:53.949
2020-05-07 07:14:54,990169,990368,2020-05-07 07:14:54.470
2020-05-07 07:14:54,990170,990368,2020-05-07 07:14:54.741
2020-05-07 07:14:55,990171,990368,2020-05-07 07:14:55.038
2020-05-07 07:14:55,990270,990500,2020-05-07 07:14:55.305
2020-05-07 07:14:55,990270,990500,2020-05-07 07:14:55.803
2020-05-07 07:14:56,990287,990500,2020-05-07 07:14:56.079
2020-05-07 07:14:56,990287,990500,2020-05-07 07:14:56.355
2020-05-07 07:14:56,990292,990500,2020-05-07 07:14:56.620
2020-05-07 07:14:57,990292,990500,2020-05-07 07:14:57.275
2020-05-07 07:14:57,990292,990500,2020-05-07 07:14:57.538
2020-05-07 07:14:57,990293,990500,2020-05-07 07:14:57.832
2020-05-07 07:14:58,990298,990500,2020-05-07 07:14:58.118
2020-05-07 07:14:58,990298,990500,2020-05-07 07:14:58.396
2020-05-07 07:14:58,990298,990604,2020-05-07 07:14:58.744
2020-05-07 07:14:59,990608,990604,2020-05-07 07:14:59.092
2020-05-07 07:14:59,990633,990604,2020-05-07 07:14:59.376
2020-05-07 07:14:59,990638,990604,2020-05-07 07:14:59.659
2020-05-07 07:15:00,990638,990604,2020-05-07 07:15:00.036
2020-05-07 07:15:00,990638,990604,2020-05-07 07:15:00.919
2020-05-07 07:15:01,990613,990604,2020-05-07 07:15:01.203
2020-05-07 07:15:01,990613,990604,2020-05-07 07:15:01.498
2020-05-07 07:15:01,990613,990604,2020-05-07 07:15:01.836
2020-05-07 07:15:02,990613,990604,2020-05-07 07:15:02.781
2020-05-07 07:15:03,990243,990571,2020-05-07 07:15:03.054
2020-05-07 07:15:03,990243,990571,2020-05-07 07:15:03.347
2020-05-07 07:15:03,990244,990571,2020-05-07 07:15:03.604
2020-05-07 07:15:03,990244,990571,2020-05-07 07:15:03.901
2020-05-07 07:15:04,990244,990571,2020-05-07 07:15:04.164
2020-05-07 07:15:04,990244,990571,2020-05-07 07:15:04.480
2020-05-07 07:15:04,990244,990550,2020-05-07 07:15:04.791
2020-05-07 07:15:05,990245,990545,2020-05-07 07:15:05.046
2020-05-07 07:15:05,990245,990545,2020-05-07 07:15:05.411
2020-05-07 07:15:05,990245,990545,2020-05-07 07:15:05.712
2020-05-07 07:15:06,990244,990545,2020-05-07 07:15:06.212
2020-05-07 07:15:06,990244,990545,2020-05-07 07:15:06.899
2020-05-07 07:15:07,990016,990545,2020-05-07 07:15:07.382
2020-05-07 07:15:07,990016,990545,2020-05-07 07:15:07.761
2020-05-07 07:15:08,990016,990545,2020-05-07 07:15:08.342
2020-05-07 07:15:08,990016,990545,2020-05-07 07:15:08.602
2020-05-07 07:15:09,990000,990139,2020-05-07 07:15:09.036
2020-05-07 07:15:09,990000,990139,2020-05-07 07:15:09.309
2020-05-07 07:15:09,989877,989978,2020-05-07 07:15:09.586
2020-05-07 07:15:09,989873,989978,2020-05-07 07:15:09.884
2020-05-07 07:15:10,989746,989980,2020-05-07 07:15:10.154
2020-05-07 07:15:10,989746,989976,2020-05-07 07:15:10.424
2020-05-07 07:15:10,989746,989976,2020-05-07 07:15:10.730
2020-05-07 07:15:11,989746,989971,2020-05-07 07:15:11.067
2020-05-07 07:15:11,989746,989970,2020-05-07 07:15:11.346
2020-05-07 07:15:11,989746,989970,2020-05-07 07:15:11.723
2020-05-07 07:15:12,989746,989970,2020-05-07 07:15:12.026
2020-05-07 07:15:12,989746,989971,2020-05-07 07:15:12.293
2020-05-07 07:15:12,989746,989971,2020-05-07 07:15:12.591
2020-05-07 07:15:12,989746,989969,2020-05-07 07:15:12.892
2020-05-07 07:15:13,989746,989948,2020-05-07 07:15:13.161
2020-05-07 07:15:13,989746,989948,2020-05-07 07:15:13.531
2020-05-07 07:15:13,989746,989943,2020-05-07 07:15:13.808
2020-05-07 07:15:14,989746,989942,2020-05-07 07:15:14.287
2020-05-07 07:15:14,989746,989941,2020-05-07 07:15:14.723
2020-05-07 07:15:14,989746,989941,2020-05-07 07:15:14.985
2020-05-07 07:15:15,989746,989941,2020-05-07 07:15:15.243
2020-05-07 07:15:15,989746,989941,2020-05-07 07:15:15.567
2020-05-07 07:15:15,989746,989936,2020-05-07 07:15:15.843
2020-05-07 07:15:16,989746,989936,2020-05-07 07:15:16.102
2020-05-07 07:15:16,989746,989935,2020-05-07 07:15:16.546
2020-05-07 07:15:17,989746,989935,2020-05-07 07:15:17.098
2020-05-07 07:15:17,989746,989909,2020-05-07 07:15:17.407
2020-05-07 07:15:17,989746,989909,2020-05-07 07:15:17.681
2020-05-07 07:15:18,989746,989908,2020-05-07 07:15:18.132
2020-05-07 07:15:19,989746,989907,2020-05-07 07:15:19.067
2020-05-07 07:15:19,989616,989909,2020-05-07 07:15:19.355
2020-05-07 07:15:19,989596,990195,2020-05-07 07:15:19.630
2020-05-07 07:15:19,989622,990195,2020-05-07 07:15:19.931
2020-05-07 07:15:20,989622,990194,2020-05-07 07:15:20.234
2020-05-07 07:15:20,989622,990194,2020-05-07 07:15:20.502
2020-05-07 07:15:20,989622,990189,2020-05-07 07:15:20.768
2020-05-07 07:15:21,989622,990188,2020-05-07 07:15:21.085
2020-05-07 07:15:21,989627,990167,2020-05-07 07:15:21.358
2020-05-07 07:15:21,989627,990167,2020-05-07 07:15:21.662
2020-05-07 07:15:21,989627,990167,2020-05-07 07:15:21.944
2020-05-07 07:15:22,989633,990157,2020-05-07 07:15:22.235
2020-05-07 07:15:22,989633,990157,2020-05-07 07:15:22.501
2020-05-07 07:15:22,989333,990157,2020-05-07 07:15:22.804
2020-05-07 07:15:23,989382,990157,2020-05-07 07:15:23.085
2020-05-07 07:15:23,989383,990157,2020-05-07 07:15:23.366
2020-05-07 07:15:23,989383,990156,2020-05-07 07:15:23.665
2020-05-07 07:15:23,989384,990155,2020-05-07 07:15:23.921
2020-05-07 07:15:24,989385,990150,2020-05-07 07:15:24.188
2020-05-07 07:15:24,989385,990150,2020-05-07 07:15:24.466
2020-05-07 07:15:24,989385,990150,2020-05-07 07:15:24.777
2020-05-07 07:15:25,989390,990138,2020-05-07 07:15:25.079
2020-05-07 07:15:25,989390,990117,2020-05-07 07:15:25.355
2020-05-07 07:15:25,989394,990117,2020-05-07 07:15:25.623
2020-05-07 07:15:25,989395,990112,2020-05-07 07:15:25.912
2020-05-07 07:15:26,989448,990036,2020-05-07 07:15:26.198
2020-05-07 07:15:26,989448,990036,2020-05-07 07:15:26.461
2020-05-07 07:15:26,989449,990030,2020-05-07 07:15:26.748
2020-05-07 07:15:27,989449,990030,2020-05-07 07:15:27.022
2020-05-07 07:15:27,989449,990030,2020-05-07 07:15:27.565
2020-05-07 07:15:27,989450,990025,2020-05-07 07:15:27.827
2020-05-07 07:15:28,989450,990024,2020-05-07 07:15:28.106
2020-05-07 07:15:28,989451,990024,2020-05-07 07:15:28.834
2020-05-07 07:15:29,989451,990001,2020-05-07 07:15:29.090
2020-05-07 07:15:29,989451,990001,2020-05-07 07:15:29.366
2020-05-07 07:15:30,989451,990001,2020-05-07 07:15:30.412
2020-05-07 07:15:30,989451,989988,2020-05-07 07:15:30.833
2020-05-07 07:15:31,989451,989988,2020-05-07 07:15:31.106
2020-05-07 07:15:31,989451,989985,2020-05-07 07:15:31.403
2020-05-07 07:15:31,989451,989985,2020-05-07 07:15:31.679
2020-05-07 07:15:31,989451,989983,2020-05-07 07:15:31.940
2020-05-07 07:15:32,989451,989982,2020-05-07 07:15:32.211
2020-05-07 07:15:32,989451,989982,2020-05-07 07:15:32.627
2020-05-07 07:15:32,989452,989977,2020-05-07 07:15:32.905
2020-05-07 07:15:33,989452,989941,2020-05-07 07:15:33.220
2020-05-07 07:15:33,989453,989941,2020-05-07 07:15:33.482
2020-05-07 07:15:33,989452,989941,2020-05-07 07:15:33.751
2020-05-07 07:15:34,989452,989940,2020-05-07 07:15:34.028
2020-05-07 07:15:34,989452,989940,2020-05-07 07:15:34.294
2020-05-07 07:15:34,989452,989939,2020-05-07 07:15:34.596
2020-05-07 07:15:34,989452,989851,2020-05-07 07:15:34.861
2020-05-07 07:15:35,989452,989850,2020-05-07 07:15:35.177
2020-05-07 07:15:35,989452,989849,2020-05-07 07:15:35.486
2020-05-07 07:15:35,989453,989845,2020-05-07 07:15:35.829
2020-05-07 07:15:36,989453,989845,2020-05-07 07:15:36.313
2020-05-07 07:15:36,989351,989457,2020-05-07 07:15:36.635
2020-05-07 07:15:36,989356,989457,2020-05-07 07:15:36.886
2020-05-07 07:15:37,989356,989457,2020-05-07 07:15:37.142
2020-05-07 07:15:37,989356,989457,2020-05-07 07:15:37.435
2020-05-07 07:15:37,989357,989457,2020-05-07 07:15:37.718
2020-05-07 07:15:38,989357,989457,2020-05-07 07:15:38.400
2020-05-07 07:15:38,989357,989663,2020-05-07 07:15:38.666
2020-05-07 07:15:38,989356,989658,2020-05-07 07:15:38.927
2020-05-07 07:15:39,989351,989658,2020-05-07 07:15:39.191
2020-05-07 07:15:39,989356,989657,2020-05-07 07:15:39.899
2020-05-07 07:15:40,989351,989656,2020-05-07 07:15:40.297
2020-05-07 07:15:40,989356,989651,2020-05-07 07:15:40.607
2020-05-07 07:15:40,989356,989630,2020-05-07 07:15:40.945
2020-05-07 07:15:41,989356,989629,2020-05-07 07:15:41.223
2020-05-07 07:15:41,989356,989624,2020-05-07 07:15:41.529
2020-05-07 07:15:41,989351,989624,2020-05-07 07:15:41.819
2020-05-07 07:15:42,989356,989626,2020-05-07 07:15:42.102
2020-05-07 07:15:42,989356,989622,2020-05-07 07:15:42.408
2020-05-07 07:15:42,989356,989622,2020-05-07 07:15:42.761
2020-05-07 07:15:43,989356,989624,2020-05-07 07:15:43.075
2020-05-07 07:15:43,989356,989624,2020-05-07 07:15:43.582
2020-05-07 07:15:43,989351,989620,2020-05-07 07:15:43.853
2020-05-07 07:15:44,989356,989622,2020-05-07 07:15:44.125
2020-05-07 07:15:44,989351,989621,2020-05-07 07:15:44.593
2020-05-07 07:15:44,989356,989600,2020-05-07 07:15:44.882
2020-05-07 07:15:45,989356,989600,2020-05-07 07:15:45.186
2020-05-07 07:15:45,989351,989599,2020-05-07 07:15:45.682
2020-05-07 07:15:45,989356,989594,2020-05-07 07:15:45.991
2020-05-07 07:15:46,989356,989594,2020-05-07 07:15:46.250
2020-05-07 07:15:46,989356,989593,2020-05-07 07:15:46.572
2020-05-07 07:15:47,989351,989593,2020-05-07 07:15:46.835
2020-05-07 07:15:47,989351,989593,2020-05-07 07:15:47.636
2020-05-07 07:15:47,989351,989593,2020-05-07 07:15:47.930
2020-05-07 07:15:48,989356,989593,2020-05-07 07:15:48.200
2020-05-07 07:15:48,989356,989593,2020-05-07 07:15:48.476
2020-05-07 07:15:48,989357,989593,2020-05-07 07:15:48.762
2020-05-07 07:15:49,989357,989593,2020-05-07 07:15:49.252
2020-05-07 07:15:49,989357,989593,2020-05-07 07:15:49.524
2020-05-07 07:15:49,989362,989598,2020-05-07 07:15:49.850
2020-05-07 07:15:50,989362,989593,2020-05-07 07:15:50.545
2020-05-07 07:15:51,989356,989598,2020-05-07 07:15:51.465
2020-05-07 07:15:51,989362,989593,2020-05-07 07:15:51.736
2020-05-07 07:15:52,989351,989593,2020-05-07 07:15:52.515
2020-05-07 07:15:52,989362,989593,2020-05-07 07:15:52.778
2020-05-07 07:15:53,989356,989593,2020-05-07 07:15:53.039
2020-05-07 07:15:53,989356,989593,2020-05-07 07:15:53.324
2020-05-07 07:15:53,989351,989593,2020-05-07 07:15:53.716
2020-05-07 07:15:53,989357,989572,2020-05-07 07:15:53.976
2020-05-07 07:15:54,989357,989572,2020-05-07 07:15:54.404
2020-05-07 07:15:54,989362,989572,2020-05-07 07:15:54.908
2020-05-07 07:15:55,989362,989567,2020-05-07 07:15:55.213
2020-05-07 07:15:55,989351,989567,2020-05-07 07:15:55.581
2020-05-07 07:15:55,989356,989567,2020-05-07 07:15:55.876
2020-05-07 07:15:56,989351,989567,2020-05-07 07:15:56.425
2020-05-07 07:15:56,989357,989572,2020-05-07 07:15:56.681
