timestamp,bid,ask,tick_timestamp
2020-05-07 07:05:55,987987,987990,2020-05-07 07:05:55.123
2020-05-07 07:05:55,987987,987990,2020-05-07 07:05:55.420
2020-05-07 07:05:55,987987,987990,2020-05-07 07:05:55.686
2020-05-07 07:05:56,987987,987990,2020-05-07 07:05:56.298
2020-05-07 07:05:56,987987,987990,2020-05-07 07:05:56.559
2020-05-07 07:05:56,987987,987990,2020-05-07 07:05:56.986
2020-05-07 07:05:57,987987,987990,2020-05-07 07:05:57.246
2020-05-07 07:05:57,987987,987990,2020-05-07 07:05:57.676
2020-05-07 07:05:58,987987,987990,2020-05-07 07:05:58.246
2020-05-07 07:05:58,987987,987990,2020-05-07 07:05:58.532
2020-05-07 07:05:58,987987,987990,2020-05-07 07:05:58.788
2020-05-07 07:05:59,987987,987990,2020-05-07 07:05:59.059
2020-05-07 07:05:59,987987,987990,2020-05-07 07:05:59.333
2020-05-07 07:05:59,987987,987990,2020-05-07 07:05:59.611
2020-05-07 07:05:59,987987,987990,2020-05-07 07:05:59.889
2020-05-07 07:06:00,987987,987990,2020-05-07 07:06:00.325
2020-05-07 07:06:00,987987,987990,2020-05-07 07:06:00.672
2020-05-07 07:06:01,987987,987990,2020-05-07 07:06:01.157
2020-05-07 07:06:01,987987,987990,2020-05-07 07:06:01.766
2020-05-07 07:06:02,987987,987990,2020-05-07 07:06:02.106
2020-05-07 07:06:02,987987,987990,2020-05-07 07:06:02.368
2020-05-07 07:06:02,987987,987990,2020-05-07 07:06:02.646
2020-05-07 07:06:02,987987,987990,2020-05-07 07:06:02.910
2020-05-07 07:06:03,987987,987990,2020-05-07 07:06:03.196
2020-05-07 07:06:04,987987,987990,2020-05-07 07:06:04.099
2020-05-07 07:06:04,987844,987973,2020-05-07 07:06:04.362
2020-05-07 07:06:04,987844,987990,2020-05-07 07:06:04.853
2020-05-07 07:06:05,987844,987973,2020-05-07 07:06:05.126
2020-05-07 07:06:05,987849,987973,2020-05-07 07:06:05.389
2020-05-07 07:06:05,987849,987990,2020-05-07 07:06:05.657
2020-05-07 07:06:05,987863,987990,2020-05-07 07:06:05.930
2020-05-07 07:06:06,987863,987990,2020-05-07 07:06:06.251
2020-05-07 07:06:06,987863,987990,2020-05-07 07:06:06.507
2020-05-07 07:06:06,987863,987990,2020-05-07 07:06:06.795
2020-05-07 07:06:07,987863,987990,2020-05-07 07:06:07.197
2020-05-07 07:06:07,987863,987990,2020-05-07 07:06:07.709
2020-05-07 07:06:08,987863,987990,2020-05-07 07:06:07.987
2020-05-07 07:06:08,987863,987990,2020-05-07 07:06:08.313
2020-05-07 07:06:08,987866,987990,2020-05-07 07:06:08.653
2020-05-07 07:06:08,987866,987990,2020-05-07 07:06:08.924
2020-05-07 07:06:09,987866,987990,2020-05-07 07:06:09.206
2020-05-07 07:06:09,987866,987990,2020-05-07 07:06:09.745
2020-05-07 07:06:10,987866,987990,2020-05-07 07:06:10.657
2020-05-07 07:06:11,987866,987990,2020-05-07 07:06:11.226
2020-05-07 07:06:11,987866,987990,2020-05-07 07:06:11.585
2020-05-07 07:06:11,987866,987990,2020-05-07 07:06:11.885
2020-05-07 07:06:12,987866,987990,2020-05-07 07:06:12.189
2020-05-07 07:06:12,987866,987991,2020-05-07 07:06:12.454
2020-05-07 07:06:12,988000,988389,2020-05-07 07:06:12.746
2020-05-07 07:06:13,988046,988388,2020-05-07 07:06:13.287
2020-05-07 07:06:13,988046,988387,2020-05-07 07:06:13.557
2020-05-07 07:06:13,988046,988383,2020-05-07 07:06:13.910
2020-05-07 07:06:14,988264,988268,2020-05-07 07:06:14.207
2020-05-07 07:06:14,988264,988268,2020-05-07 07:06:14.522
2020-05-07 07:06:15,988264,988383,2020-05-07 07:06:15.010
2020-05-07 07:06:15,988264,988369,2020-05-07 07:06:15.265
2020-05-07 07:06:15,988550,988483,2020-05-07 07:06:15.557
2020-05-07 07:06:15,988550,988714,2020-05-07 07:06:15.834
2020-05-07 07:06:16,988550,988785,2020-05-07 07:06:16.145
2020-05-07 07:06:16,988550,988735,2020-05-07 07:06:16.447
2020-05-07 07:06:16,988550,988810,2020-05-07 07:06:16.750
2020-05-07 07:06:18,988550,988735,2020-05-07 07:06:18.349
2020-05-07 07:06:18,988475,988543,2020-05-07 07:06:18.683
2020-05-07 07:06:18,988573,988735,2020-05-07 07:06:18.939
2020-05-07 07:06:19,988573,988658,2020-05-07 07:06:19.310
2020-05-07 07:06:19,988573,988658,2020-05-07 07:06:19.612
2020-05-07 07:06:19,988596,988658,2020-05-07 07:06:19.868
2020-05-07 07:06:20,988596,988658,2020-05-07 07:06:20.137
2020-05-07 07:06:20,988618,988658,2020-05-07 07:06:20.534
2020-05-07 07:06:20,988637,988658,2020-05-07 07:06:20.807
2020-05-07 07:06:21,988637,988658,2020-05-07 07:06:21.185
2020-05-07 07:06:21,988637,988718,2020-05-07 07:06:21.455
2020-05-07 07:06:21,988637,988718,2020-05-07 07:06:21.715
2020-05-07 07:06:22,988637,988781,2020-05-07 07:06:22.473
2020-05-07 07:06:22,988637,988813,2020-05-07 07:06:22.734
2020-05-07 07:06:22,988849,988831,2020-05-07 07:06:22.995
2020-05-07 07:06:23,988849,988831,2020-05-07 07:06:23.666
2020-05-07 07:06:24,988849,988831,2020-05-07 07:06:24.160
2020-05-07 07:06:24,988851,988914,2020-05-07 07:06:24.420
2020-05-07 07:06:24,988851,989116,2020-05-07 07:06:24.675
2020-05-07 07:06:25,988851,988880,2020-05-07 07:06:25.024
2020-05-07 07:06:26,988880,989068,2020-05-07 07:06:25.308
2020-05-07 07:06:26,988880,989068,2020-05-07 07:06:26.739
2020-05-07 07:06:27,989068,989116,2020-05-07 07:06:27.015
2020-05-07 07:06:27,989185,989373,2020-05-07 07:06:27.321
2020-05-07 07:06:27,989200,989417,2020-05-07 07:06:27.608
2020-05-07 07:06:27,989417,989325,2020-05-07 07:06:27.886
2020-05-07 07:06:28,989417,989465,2020-05-07 07:06:28.166
2020-05-07 07:06:28,989417,989465,2020-05-07 07:06:28.428
2020-05-07 07:06:28,989417,989465,2020-05-07 07:06:28.933
2020-05-07 07:06:29,989417,989465,2020-05-07 07:06:29.191
2020-05-07 07:06:29,989417,989493,2020-05-07 07:06:29.821
2020-05-07 07:06:31,989417,989568,2020-05-07 07:06:31.038
2020-05-07 07:06:31,989417,989494,2020-05-07 07:06:31.327
2020-05-07 07:06:31,989417,989595,2020-05-07 07:06:31.707
2020-05-07 07:06:31,989585,989749,2020-05-07 07:06:31.976
2020-05-07 07:06:32,989585,989749,2020-05-07 07:06:32.244
2020-05-07 07:06:32,989311,989345,2020-05-07 07:06:32.530
2020-05-07 07:06:32,989311,989345,2020-05-07 07:06:32.787
2020-05-07 07:06:33,989175,989316,2020-05-07 07:06:33.089
2020-05-07 07:06:33,989181,989316,2020-05-07 07:06:33.350
2020-05-07 07:06:33,989224,989316,2020-05-07 07:06:33.635
2020-05-07 07:06:33,989224,989149,2020-05-07 07:06:33.909
2020-05-07 07:06:34,989224,989149,2020-05-07 07:06:34.176
2020-05-07 07:06:34,989054,989147,2020-05-07 07:06:34.485
2020-05-07 07:06:34,989054,989149,2020-05-07 07:06:34.771
2020-05-07 07:06:35,989051,989149,2020-05-07 07:06:35.044
2020-05-07 07:06:35,989050,989149,2020-05-07 07:06:35.329
2020-05-07 07:06:35,989061,989149,2020-05-07 07:06:35.597
2020-05-07 07:06:36,989061,989149,2020-05-07 07:06:36.123
2020-05-07 07:06:36,989061,989149,2020-05-07 07:06:36.655
2020-05-07 07:06:36,989061,989149,2020-05-07 07:06:36.928
2020-05-07 07:06:37,989061,989149,2020-05-07 07:06:37.203
2020-05-07 07:06:37,989054,989149,2020-05-07 07:06:37.469
2020-05-07 07:06:37,989001,988962,2020-05-07 07:06:37.751
2020-05-07 07:06:38,989012,988962,2020-05-07 07:06:38.029
2020-05-07 07:06:38,989060,988962,2020-05-07 07:06:38.474
2020-05-07 07:06:38,989060,988962,2020-05-07 07:06:38.821
2020-05-07 07:06:39,989060,988962,2020-05-07 07:06:39.111
2020-05-07 07:06:39,989060,988962,2020-05-07 07:06:39.374
2020-05-07 07:06:39,989079,988962,2020-05-07 07:06:39.655
2020-05-07 07:06:39,989114,988962,2020-05-07 07:06:39.926
2020-05-07 07:06:40,989114,988962,2020-05-07 07:06:40.667
2020-05-07 07:06:40,989114,989345,2020-05-07 07:06:40.941
2020-05-07 07:06:41,989412,989287,2020-05-07 07:06:41.227
2020-05-07 07:06:41,989412,989287,2020-05-07 07:06:41.489
2020-05-07 07:06:41,989412,989287,2020-05-07 07:06:41.776
2020-05-07 07:06:42,989412,989287,2020-05-07 07:06:42.036
2020-05-07 07:06:42,989412,989287,2020-05-07 07:06:42.376
2020-05-07 07:06:42,989412,989287,2020-05-07 07:06:42.640
2020-05-07 07:06:43,989412,989287,2020-05-07 07:06:43.029
2020-05-07 07:06:43,989412,989287,2020-05-07 07:06:43.292
2020-05-07 07:06:43,989412,989287,2020-05-07 07:06:43.671
2020-05-07 07:06:43,989412,989287,2020-05-07 07:06:43.933
2020-05-07 07:06:44,989412,989408,2020-05-07 07:06:44.190
2020-05-07 07:06:44,989412,989408,2020-05-07 07:06:44.471
2020-05-07 07:06:44,989412,989408,2020-05-07 07:06:44.728
2020-05-07 07:06:45,989412,989386,2020-05-07 07:06:45.054
2020-05-07 07:06:45,989412,989386,2020-05-07 07:06:45.327
2020-05-07 07:06:45,989108,989386,2020-05-07 07:06:45.665
2020-05-07 07:06:45,989108,989386,2020-05-07 07:06:45.927
2020-05-07 07:06:46,989130,989363,2020-05-07 07:06:46.192
2020-05-07 07:06:46,989130,989363,2020-05-07 07:06:46.462
2020-05-07 07:06:47,989130,989363,2020-05-07 07:06:47.209
2020-05-07 07:06:47,989166,989363,2020-05-07 07:06:47.513
2020-05-07 07:06:47,989166,989377,2020-05-07 07:06:47.848
2020-05-07 07:06:48,989166,989377,2020-05-07 07:06:48.112
2020-05-07 07:06:48,989130,989377,2020-05-07 07:06:48.388
2020-05-07 07:06:48,989042,989203,2020-05-07 07:06:48.735
2020-05-07 07:06:49,989030,989203,2020-05-07 07:06:49.004
2020-05-07 07:06:49,988978,989203,2020-05-07 07:06:49.336
2020-05-07 07:06:49,988978,989203,2020-05-07 07:06:49.599
2020-05-07 07:06:49,988978,989203,2020-05-07 07:06:49.881
2020-05-07 07:06:50,988886,989203,2020-05-07 07:06:50.134
2020-05-07 07:06:50,988887,989203,2020-05-07 07:06:50.421
2020-05-07 07:06:50,988825,988939,2020-05-07 07:06:50.698
2020-05-07 07:06:50,988803,988868,2020-05-07 07:06:50.962
2020-05-07 07:06:51,988979,988868,2020-05-07 07:06:51.236
2020-05-07 07:06:51,988587,988601,2020-05-07 07:06:51.499
2020-05-07 07:06:51,988425,988489,2020-05-07 07:06:51.760
2020-05-07 07:06:52,988425,988489,2020-05-07 07:06:52.092
2020-05-07 07:06:52,988425,988500,2020-05-07 07:06:52.377
2020-05-07 07:06:52,988557,988723,2020-05-07 07:06:52.653
2020-05-07 07:06:52,988489,988789,2020-05-07 07:06:52.971
2020-05-07 07:06:53,988494,988751,2020-05-07 07:06:53.270
2020-05-07 07:06:53,988494,988557,2020-05-07 07:06:53.590
2020-05-07 07:06:54,988494,988557,2020-05-07 07:06:54.065
2020-05-07 07:06:54,988494,988751,2020-05-07 07:06:54.326
2020-05-07 07:06:54,988494,988789,2020-05-07 07:06:54.599
2020-05-07 07:06:54,988494,988799,2020-05-07 07:06:54.882
2020-05-07 07:06:55,988494,988639,2020-05-07 07:06:55.138
2020-05-07 07:06:55,988494,988639,2020-05-07 07:06:55.421
2020-05-07 07:06:55,988494,988639,2020-05-07 07:06:55.808
2020-05-07 07:06:56,988498,988639,2020-05-07 07:06:56.097
2020-05-07 07:06:56,988498,988639,2020-05-07 07:06:56.376
2020-05-07 07:06:56,988643,988699,2020-05-07 07:06:56.656
2020-05-07 07:06:56,988643,988699,2020-05-07 07:06:56.931
2020-05-07 07:06:57,988643,988699,2020-05-07 07:06:57.200
2020-05-07 07:06:57,988643,988699,2020-05-07 07:06:57.735
2020-05-07 07:06:58,988643,988699,2020-05-07 07:06:58.033
2020-05-07 07:06:58,988425,988699,2020-05-07 07:06:58.413
2020-05-07 07:06:58,988313,988641,2020-05-07 07:06:58.751
2020-05-07 07:06:59,988625,988641,2020-05-07 07:06:59.062
2020-05-07 07:06:59,988625,988620,2020-05-07 07:06:59.399
2020-05-07 07:07:00,988625,988599,2020-05-07 07:07:00.057
2020-05-07 07:07:00,988625,988599,2020-05-07 07:07:00.402
2020-05-07 07:07:00,988625,988599,2020-05-07 07:07:00.707
2020-05-07 07:07:00,988625,988620,2020-05-07 07:07:00.989
2020-05-07 07:07:01,988625,988620,2020-05-07 07:07:01.274
2020-05-07 07:07:01,988625,988620,2020-05-07 07:07:01.580
2020-05-07 07:07:01,988625,988555,2020-05-07 07:07:01.870
2020-05-07 07:07:02,988359,988566,2020-05-07 07:07:02.161
2020-05-07 07:07:02,988359,988663,2020-05-07 07:07:02.559
2020-05-07 07:07:02,988325,988547,2020-05-07 07:07:02.821
2020-05-07 07:07:03,988225,988359,2020-05-07 07:07:03.090
2020-05-07 07:07:03,988226,988359,2020-05-07 07:07:03.472
2020-05-07 07:07:04,988226,988298,2020-05-07 07:07:04.078
2020-05-07 07:07:04,988226,988298,2020-05-07 07:07:04.353
2020-05-07 07:07:04,988226,988298,2020-05-07 07:07:04.996
2020-05-07 07:07:05,988303,988540,2020-05-07 07:07:05.284
2020-05-07 07:07:05,988303,988497,2020-05-07 07:07:05.833
2020-05-07 07:07:06,988303,988453,2020-05-07 07:07:06.722
2020-05-07 07:07:07,988303,988453,2020-05-07 07:07:07.035
2020-05-07 07:07:07,988303,988453,2020-05-07 07:07:07.293
2020-05-07 07:07:07,988303,988453,2020-05-07 07:07:07.697
2020-05-07 07:07:08,988303,988449,2020-05-07 07:07:08.034
2020-05-07 07:07:08,988303,988288,2020-05-07 07:07:08.345
2020-05-07 07:07:08,988303,988288,2020-05-07 07:07:08.606
2020-05-07 07:07:08,988303,988288,2020-05-07 07:07:08.887
2020-05-07 07:07:09,988303,988288,2020-05-07 07:07:09.173
2020-05-07 07:07:09,988303,988540,2020-05-07 07:07:09.519
2020-05-07 07:07:09,988303,988522,2020-05-07 07:07:09.799
2020-05-07 07:07:10,988303,988522,2020-05-07 07:07:10.162
2020-05-07 07:07:10,988303,988522,2020-05-07 07:07:10.459
2020-05-07 07:07:10,988303,988522,2020-05-07 07:07:10.970
2020-05-07 07:07:11,988303,988522,2020-05-07 07:07:11.297
2020-05-07 07:07:11,988303,988522,2020-05-07 07:07:11.560
2020-05-07 07:07:11,988303,988522,2020-05-07 07:07:11.828
2020-05-07 07:07:12,988303,988522,2020-05-07 07:07:12.106
2020-05-07 07:07:12,988303,988522,2020-05-07 07:07:12.945
2020-05-07 07:07:13,988470,988470,2020-05-07 07:07:13.213
2020-05-07 07:07:13,988470,988470,2020-05-07 07:07:13.484
2020-05-07 07:07:13,988470,988470,2020-05-07 07:07:13.831
2020-05-07 07:07:14,988470,988470,2020-05-07 07:07:14.150
2020-05-07 07:07:14,988470,988641,2020-05-07 07:07:14.417
2020-05-07 07:07:14,988470,988641,2020-05-07 07:07:14.678
2020-05-07 07:07:14,988470,988641,2020-05-07 07:07:14.980
2020-05-07 07:07:15,988470,988641,2020-05-07 07:07:15.287
2020-05-07 07:07:15,988470,988641,2020-05-07 07:07:15.593
2020-05-07 07:07:15,988470,988590,2020-05-07 07:07:15.873
2020-05-07 07:07:16,988470,988641,2020-05-07 07:07:16.194
2020-05-07 07:07:16,988470,988641,2020-05-07 07:07:16.487
2020-05-07 07:07:16,988470,988641,2020-05-07 07:07:16.810
2020-05-07 07:07:17,988470,988641,2020-05-07 07:07:17.102
2020-05-07 07:07:17,988321,988344,2020-05-07 07:07:17.986
2020-05-07 07:07:18,988321,988596,2020-05-07 07:07:18.424
2020-05-07 07:07:18,988411,988596,2020-05-07 07:07:18.781
2020-05-07 07:07:19,988411,988596,2020-05-07 07:07:19.670
2020-05-07 07:07:20,988411,988596,2020-05-07 07:07:20.009
2020-05-07 07:07:20,988411,988663,2020-05-07 07:07:20.349
2020-05-07 07:07:20,988597,988800,2020-05-07 07:07:20.733
2020-05-07 07:07:21,988766,988800,2020-05-07 07:07:21.155
2020-05-07 07:07:21,988837,988837,2020-05-07 07:07:21.411
2020-05-07 07:07:21,988837,988868,2020-05-07 07:07:21.871
2020-05-07 07:07:22,988875,988868,2020-05-07 07:07:22.131
2020-05-07 07:07:22,988887,989052,2020-05-07 07:07:22.564
2020-05-07 07:07:22,988888,989052,2020-05-07 07:07:22.832
2020-05-07 07:07:23,988888,989052,2020-05-07 07:07:23.222
2020-05-07 07:07:23,988888,989052,2020-05-07 07:07:23.542
2020-05-07 07:07:23,988888,989052,2020-05-07 07:07:23.846
2020-05-07 07:07:24,988888,989111,2020-05-07 07:07:24.115
2020-05-07 07:07:24,988888,989111,2020-05-07 07:07:24.412
2020-05-07 07:07:24,988888,989111,2020-05-07 07:07:24.675
2020-05-07 07:07:25,988888,989111,2020-05-07 07:07:25.175
2020-05-07 07:07:25,988888,989111,2020-05-07 07:07:25.598
2020-05-07 07:07:25,988888,989111,2020-05-07 07:07:25.876
2020-05-07 07:07:26,988888,989111,2020-05-07 07:07:26.173
2020-05-07 07:07:26,988888,989111,2020-05-07 07:07:26.458
2020-05-07 07:07:26,988888,989111,2020-05-07 07:07:26.729
2020-05-07 07:07:26,988888,989111,2020-05-07 07:07:26.984
2020-05-07 07:07:27,988888,988983,2020-05-07 07:07:27.297
2020-05-07 07:07:27,988888,988983,2020-05-07 07:07:27.579
2020-05-07 07:07:28,988888,988983,2020-05-07 07:07:28.118
2020-05-07 07:07:28,988888,989150,2020-05-07 07:07:28.437
2020-05-07 07:07:28,988888,989150,2020-05-07 07:07:28.705
2020-05-07 07:07:29,988888,989281,2020-05-07 07:07:29.342
2020-05-07 07:07:29,988889,989076,2020-05-07 07:07:29.640
2020-05-07 07:07:30,988889,989076,2020-05-07 07:07:30.082
2020-05-07 07:07:30,989037,989076,2020-05-07 07:07:30.449
2020-05-07 07:07:30,988889,989076,2020-05-07 07:07:30.744
2020-05-07 07:07:31,988889,989076,2020-05-07 07:07:31.556
2020-05-07 07:07:31,988889,989073,2020-05-07 07:07:31.856
2020-05-07 07:07:32,988889,989073,2020-05-07 07:07:32.129
2020-05-07 07:07:32,988750,989073,2020-05-07 07:07:32.401
2020-05-07 07:07:32,988750,989073,2020-05-07 07:07:32.708
2020-05-07 07:07:33,988750,989073,2020-05-07 07:07:33.001
2020-05-07 07:07:33,988750,989073,2020-05-07 07:07:33.376
2020-05-07 07:07:33,988761,989073,2020-05-07 07:07:33.646
2020-05-07 07:07:33,988761,989073,2020-05-07 07:07:33.963
2020-05-07 07:07:34,988795,989073,2020-05-07 07:07:34.561
2020-05-07 07:07:34,988795,989073,2020-05-07 07:07:34.829
2020-05-07 07:07:35,988795,989073,2020-05-07 07:07:35.102
2020-05-07 07:07:35,988795,989073,2020-05-07 07:07:35.470
2020-05-07 07:07:35,988795,989073,2020-05-07 07:07:35.735
2020-05-07 07:07:35,988795,989073,2020-05-07 07:07:35.997
2020-05-07 07:07:36,988795,989073,2020-05-07 07:07:36.313
2020-05-07 07:07:36,988795,989073,2020-05-07 07:07:36.589
2020-05-07 07:07:36,988795,989073,2020-05-07 07:07:36.925
2020-05-07 07:07:37,988770,989073,2020-05-07 07:07:37.202
2020-05-07 07:07:37,988776,989076,2020-05-07 07:07:37.568
2020-05-07 07:07:37,988781,989075,2020-05-07 07:07:37.864
2020-05-07 07:07:38,988782,989075,2020-05-07 07:07:38.161
2020-05-07 07:07:38,988782,989076,2020-05-07 07:07:38.427
2020-05-07 07:07:38,988782,989076,2020-05-07 07:07:38.794
2020-05-07 07:07:39,988782,989076,2020-05-07 07:07:39.303
2020-05-07 07:07:40,989111,989076,2020-05-07 07:07:40.163
2020-05-07 07:07:40,989111,989076,2020-05-07 07:07:40.652
2020-05-07 07:07:40,989266,989270,2020-05-07 07:07:40.966
2020-05-07 07:07:41,989269,989296,2020-05-07 07:07:41.352
2020-05-07 07:07:41,989301,989389,2020-05-07 07:07:41.640
2020-05-07 07:07:41,989301,989416,2020-05-07 07:07:41.936
2020-05-07 07:07:42,989301,989457,2020-05-07 07:07:42.219
2020-05-07 07:07:42,989111,989457,2020-05-07 07:07:42.475
2020-05-07 07:07:42,989128,989457,2020-05-07 07:07:42.754
2020-05-07 07:07:43,989138,989457,2020-05-07 07:07:43.074
2020-05-07 07:07:43,989138,989457,2020-05-07 07:07:43.420
2020-05-07 07:07:43,989138,989457,2020-05-07 07:07:43.730
2020-05-07 07:07:43,989138,989457,2020-05-07 07:07:43.989
2020-05-07 07:07:44,989138,989457,2020-05-07 07:07:44.285
2020-05-07 07:07:44,989138,989457,2020-05-07 07:07:44.550
2020-05-07 07:07:45,989138,989457,2020-05-07 07:07:45.023
2020-05-07 07:07:45,989160,989457,2020-05-07 07:07:45.358
2020-05-07 07:07:45,989171,989457,2020-05-07 07:07:45.826
2020-05-07 07:07:46,989172,989457,2020-05-07 07:07:46.110
2020-05-07 07:07:47,989172,989457,2020-05-07 07:07:47.146
2020-05-07 07:07:47,989172,989457,2020-05-07 07:07:47.718
2020-05-07 07:07:48,989189,989457,2020-05-07 07:07:48.019
2020-05-07 07:07:48,989189,989457,2020-05-07 07:07:48.418
2020-05-07 07:07:48,989189,989457,2020-05-07 07:07:48.678
2020-05-07 07:07:49,989189,989457,2020-05-07 07:07:49.889
2020-05-07 07:07:50,989201,989418,2020-05-07 07:07:50.151
2020-05-07 07:07:50,989201,989418,2020-05-07 07:07:50.413
2020-05-07 07:07:50,989201,989418,2020-05-07 07:07:50.821
2020-05-07 07:07:51,989201,989418,2020-05-07 07:07:51.089
2020-05-07 07:07:51,989201,989418,2020-05-07 07:07:51.380
2020-05-07 07:07:51,989202,989418,2020-05-07 07:07:51.741
2020-05-07 07:07:52,989202,989418,2020-05-07 07:07:52.010
2020-05-07 07:07:52,989208,989418,2020-05-07 07:07:52.864
2020-05-07 07:07:53,989208,989418,2020-05-07 07:07:53.194
2020-05-07 07:07:53,989208,989418,2020-05-07 07:07:53.773
2020-05-07 07:07:54,989208,989418,2020-05-07 07:07:54.031
2020-05-07 07:07:54,989220,989418,2020-05-07 07:07:54.314
2020-05-07 07:07:55,989220,989418,2020-05-07 07:07:55.382
2020-05-07 07:07:55,989202,989418,2020-05-07 07:07:55.662
2020-05-07 07:07:55,989202,989200,2020-05-07 07:07:55.949
2020-05-07 07:07:56,989202,989200,2020-05-07 07:07:56.292
2020-05-07 07:07:56,989202,989200,2020-05-07 07:07:56.554
2020-05-07 07:07:56,989202,989200,2020-05-07 07:07:56.820
2020-05-07 07:07:57,989202,989200,2020-05-07 07:07:57.467
2020-05-07 07:07:57,989202,989200,2020-05-07 07:07:57.777
2020-05-07 07:07:58,989202,989200,2020-05-07 07:07:58.070
2020-05-07 07:07:58,989202,989200,2020-05-07 07:07:58.367
2020-05-07 07:07:58,989202,989200,2020-05-07 07:07:58.678
2020-05-07 07:07:58,989202,989200,2020-05-07 07:07:58.955
2020-05-07 07:07:59,989202,989418,2020-05-07 07:07:59.245
2020-05-07 07:07:59,989422,989418,2020-05-07 07:07:59.547
2020-05-07 07:08:00,989461,989595,2020-05-07 07:08:00.113
2020-05-07 07:08:00,989270,989595,2020-05-07 07:08:00.481
2020-05-07 07:08:00,989270,989595,2020-05-07 07:08:00.850
2020-05-07 07:08:01,989230,989545,2020-05-07 07:08:01.903
2020-05-07 07:08:02,989230,989566,2020-05-07 07:08:02.178
2020-05-07 07:08:02,989230,989706,2020-05-07 07:08:02.486
2020-05-07 07:08:02,989230,989706,2020-05-07 07:08:02.880
2020-05-07 07:08:03,989230,989775,2020-05-07 07:08:03.161
2020-05-07 07:08:03,989230,989775,2020-05-07 07:08:03.424
2020-05-07 07:08:03,989242,989770,2020-05-07 07:08:03.681
2020-05-07 07:08:03,989248,989770,2020-05-07 07:08:03.986
2020-05-07 07:08:04,989248,989770,2020-05-07 07:08:04.263
2020-05-07 07:08:04,989258,989769,2020-05-07 07:08:04.537
2020-05-07 07:08:04,989258,989769,2020-05-07 07:08:04.798
2020-05-07 07:08:05,989264,989769,2020-05-07 07:08:05.113
2020-05-07 07:08:05,989264,989769,2020-05-07 07:08:05.417
2020-05-07 07:08:05,989451,989769,2020-05-07 07:08:05.704
2020-05-07 07:08:06,989451,989769,2020-05-07 07:08:06.051
2020-05-07 07:08:06,989451,989803,2020-05-07 07:08:06.431
2020-05-07 07:08:06,989451,989837,2020-05-07 07:08:06.704
2020-05-07 07:08:07,989500,989977,2020-05-07 07:08:07.013
2020-05-07 07:08:07,989851,989977,2020-05-07 07:08:07.280
2020-05-07 07:08:07,989862,990005,2020-05-07 07:08:07.566
2020-05-07 07:08:07,989862,990005,2020-05-07 07:08:07.827
2020-05-07 07:08:08,989833,990052,2020-05-07 07:08:08.092
2020-05-07 07:08:08,989878,990362,2020-05-07 07:08:08.373
2020-05-07 07:08:08,989878,990362,2020-05-07 07:08:08.862
2020-05-07 07:08:09,989878,990422,2020-05-07 07:08:09.125
2020-05-07 07:08:09,989878,990456,2020-05-07 07:08:09.390
2020-05-07 07:08:09,989878,990755,2020-05-07 07:08:09.669
2020-05-07 07:08:09,990485,990458,2020-05-07 07:08:09.929
2020-05-07 07:08:10,990485,990458,2020-05-07 07:08:10.210
2020-05-07 07:08:10,990149,990458,2020-05-07 07:08:10.877
2020-05-07 07:08:11,990297,990776,2020-05-07 07:08:11.220
2020-05-07 07:08:11,990656,990749,2020-05-07 07:08:11.501
2020-05-07 07:08:11,990656,990841,2020-05-07 07:08:11.791
2020-05-07 07:08:12,990656,990841,2020-05-07 07:08:12.076
2020-05-07 07:08:12,990657,990841,2020-05-07 07:08:12.361
2020-05-07 07:08:12,990657,990862,2020-05-07 07:08:12.634
2020-05-07 07:08:12,990497,990840,2020-05-07 07:08:12.992
2020-05-07 07:08:13,990497,990790,2020-05-07 07:08:13.271
2020-05-07 07:08:13,990498,990790,2020-05-07 07:08:13.581
2020-05-07 07:08:13,990521,990840,2020-05-07 07:08:13.842
2020-05-07 07:08:14,990736,990985,2020-05-07 07:08:14.115
2020-05-07 07:08:14,990761,990985,2020-05-07 07:08:14.386
2020-05-07 07:08:14,990761,991008,2020-05-07 07:08:14.677
2020-05-07 07:08:14,990761,991288,2020-05-07 07:08:14.946
2020-05-07 07:08:15,990761,991322,2020-05-07 07:08:15.211
2020-05-07 07:08:15,990761,991722,2020-05-07 07:08:15.686
2020-05-07 07:08:15,991579,991889,2020-05-07 07:08:15.974
2020-05-07 07:08:16,990985,991949,2020-05-07 07:08:16.244
2020-05-07 07:08:16,990985,992000,2020-05-07 07:08:16.673
2020-05-07 07:08:16,990985,992000,2020-05-07 07:08:16.946
2020-05-07 07:08:17,991339,992000,2020-05-07 07:08:17.230
2020-05-07 07:08:17,991339,991747,2020-05-07 07:08:17.591
2020-05-07 07:08:17,991339,991747,2020-05-07 07:08:17.864
2020-05-07 07:08:18,991772,992021,2020-05-07 07:08:18.161
2020-05-07 07:08:18,991943,992060,2020-05-07 07:08:18.476
2020-05-07 07:08:18,991943,992289,2020-05-07 07:08:18.738
2020-05-07 07:08:19,992002,992289,2020-05-07 07:08:19.020
2020-05-07 07:08:19,992059,992264,2020-05-07 07:08:19.289
2020-05-07 07:08:19,991945,992264,2020-05-07 07:08:19.662
2020-05-07 07:08:19,991693,991973,2020-05-07 07:08:19.961
2020-05-07 07:08:20,991693,991973,2020-05-07 07:08:20.819
2020-05-07 07:08:21,991699,992183,2020-05-07 07:08:21.821
2020-05-07 07:08:22,991699,992183,2020-05-07 07:08:22.195
2020-05-07 07:08:23,991699,992151,2020-05-07 07:08:23.220
2020-05-07 07:08:23,992123,992151,2020-05-07 07:08:23.476
2020-05-07 07:08:23,992267,992239,2020-05-07 07:08:23.929
2020-05-07 07:08:26,992415,992728,2020-05-07 07:08:26.757
2020-05-07 07:08:27,992415,992415,2020-05-07 07:08:27.104
2020-05-07 07:08:27,992123,992415,2020-05-07 07:08:27.428
2020-05-07 07:08:27,992124,992415,2020-05-07 07:08:27.998
2020-05-07 07:08:28,992016,992415,2020-05-07 07:08:28.270
2020-05-07 07:08:28,992016,992110,2020-05-07 07:08:28.541
2020-05-07 07:08:29,992024,992110,2020-05-07 07:08:29.427
2020-05-07 07:08:30,991694,991995,2020-05-07 07:08:30.109
2020-05-07 07:08:30,991694,991966,2020-05-07 07:08:30.949
2020-05-07 07:08:31,991631,991623,2020-05-07 07:08:31.268
2020-05-07 07:08:31,991550,991602,2020-05-07 07:08:31.547
2020-05-07 07:08:31,991550,991602,2020-05-07 07:08:31.826
2020-05-07 07:08:32,991567,991602,2020-05-07 07:08:32.114
2020-05-07 07:08:32,991498,991567,2020-05-07 07:08:32.576
2020-05-07 07:08:32,991498,991567,2020-05-07 07:08:32.875
2020-05-07 07:08:33,991498,991567,2020-05-07 07:08:33.248
2020-05-07 07:08:33,991498,991567,2020-05-07 07:08:33.558
2020-05-07 07:08:33,991511,991567,2020-05-07 07:08:33.929
2020-05-07 07:08:34,991660,991567,2020-05-07 07:08:34.208
2020-05-07 07:08:34,991498,991843,2020-05-07 07:08:34.473
2020-05-07 07:08:34,991511,991550,2020-05-07 07:08:34.775
2020-05-07 07:08:35,991498,991550,2020-05-07 07:08:35.031
2020-05-07 07:08:35,991504,991550,2020-05-07 07:08:35.506
2020-05-07 07:08:35,991514,991760,2020-05-07 07:08:35.993
2020-05-07 07:08:36,991823,992115,2020-05-07 07:08:36.272
2020-05-07 07:08:36,991823,992079,2020-05-07 07:08:36.851
2020-05-07 07:08:37,991823,992079,2020-05-07 07:08:37.130
2020-05-07 07:08:37,991849,992079,2020-05-07 07:08:37.384
2020-05-07 07:08:37,991849,992079,2020-05-07 07:08:37.693
2020-05-07 07:08:37,991505,991514,2020-05-07 07:08:37.953
2020-05-07 07:08:38,991505,991512,2020-05-07 07:08:38.214
2020-05-07 07:08:38,991505,991512,2020-05-07 07:08:38.490
2020-05-07 07:08:38,991512,991867,2020-05-07 07:08:38.804
2020-05-07 07:08:39,991542,992017,2020-05-07 07:08:39.056
2020-05-07 07:08:39,991650,992017,2020-05-07 07:08:39.375
2020-05-07 07:08:39,991650,992017,2020-05-07 07:08:39.788
2020-05-07 07:08:40,991650,992038,2020-05-07 07:08:40.070
2020-05-07 07:08:41,991801,991801,2020-05-07 07:08:41.239
2020-05-07 07:08:41,991801,991801,2020-05-07 07:08:41.519
2020-05-07 07:08:41,991801,991801,2020-05-07 07:08:41.782
2020-05-07 07:08:42,991650,991801,2020-05-07 07:08:42.034
2020-05-07 07:08:42,991593,991698,2020-05-07 07:08:42.343
2020-05-07 07:08:42,991594,991698,2020-05-07 07:08:42.611
2020-05-07 07:08:42,991654,992215,2020-05-07 07:08:42.866
2020-05-07 07:08:43,992027,992327,2020-05-07 07:08:43.240
2020-05-07 07:08:43,991855,992326,2020-05-07 07:08:43.497
2020-05-07 07:08:43,991860,992326,2020-05-07 07:08:43.788
2020-05-07 07:08:44,991936,992326,2020-05-07 07:08:44.083
2020-05-07 07:08:44,991936,992460,2020-05-07 07:08:44.350
2020-05-07 07:08:44,991937,992460,2020-05-07 07:08:44.797
2020-05-07 07:08:45,991947,992460,2020-05-07 07:08:45.097
2020-05-07 07:08:45,991990,992461,2020-05-07 07:08:45.387
2020-05-07 07:08:45,991990,992460,2020-05-07 07:08:45.678
2020-05-07 07:08:45,992025,992460,2020-05-07 07:08:45.950
2020-05-07 07:08:46,992025,992382,2020-05-07 07:08:46.271
2020-05-07 07:08:46,991990,992382,2020-05-07 07:08:46.559
2020-05-07 07:08:46,991990,992382,2020-05-07 07:08:46.831
2020-05-07 07:08:47,991990,992460,2020-05-07 07:08:47.115
2020-05-07 07:08:47,991990,992834,2020-05-07 07:08:47.379
2020-05-07 07:08:47,992071,992845,2020-05-07 07:08:47.662
2020-05-07 07:08:47,992392,992845,2020-05-07 07:08:47.970
2020-05-07 07:08:48,992392,992822,2020-05-07 07:08:48.630
2020-05-07 07:08:48,992392,992868,2020-05-07 07:08:48.943
2020-05-07 07:08:49,992482,992868,2020-05-07 07:08:49.244
2020-05-07 07:08:49,992484,992868,2020-05-07 07:08:49.582
2020-05-07 07:08:49,992484,992868,2020-05-07 07:08:49.848
2020-05-07 07:08:50,992484,992821,2020-05-07 07:08:50.134
2020-05-07 07:08:50,992484,992970,2020-05-07 07:08:50.396
2020-05-07 07:08:50,992484,992821,2020-05-07 07:08:50.668
2020-05-07 07:08:51,992484,993000,2020-05-07 07:08:51.445
2020-05-07 07:08:51,992919,993000,2020-05-07 07:08:51.724
2020-05-07 07:08:52,992482,993000,2020-05-07 07:08:52.048
2020-05-07 07:08:52,992482,993200,2020-05-07 07:08:52.433
2020-05-07 07:08:52,992545,993192,2020-05-07 07:08:52.733
2020-05-07 07:08:53,992545,993192,2020-05-07 07:08:53.020
2020-05-07 07:08:53,992545,993152,2020-05-07 07:08:53.285
2020-05-07 07:08:53,992550,993152,2020-05-07 07:08:53.542
2020-05-07 07:08:53,992555,993356,2020-05-07 07:08:53.918
2020-05-07 07:08:54,992567,993355,2020-05-07 07:08:54.342
2020-05-07 07:08:54,992820,993355,2020-05-07 07:08:54.647
2020-05-07 07:08:54,992820,993353,2020-05-07 07:08:54.925
2020-05-07 07:08:55,992451,992820,2020-05-07 07:08:55.191
2020-05-07 07:08:55,992333,992486,2020-05-07 07:08:55.447
2020-05-07 07:08:55,992290,992486,2020-05-07 07:08:55.714
2020-05-07 07:08:56,992230,992486,2020-05-07 07:08:56.040
2020-05-07 07:08:56,992244,992346,2020-05-07 07:08:56.311
2020-05-07 07:08:57,992011,992346,2020-05-07 07:08:57.262
2020-05-07 07:08:57,992011,992346,2020-05-07 07:08:57.521
2020-05-07 07:08:57,992012,992346,2020-05-07 07:08:57.843
2020-05-07 07:08:58,992114,992628,2020-05-07 07:08:58.874
2020-05-07 07:08:59,992012,992272,2020-05-07 07:08:59.209
2020-05-07 07:08:59,992271,992698,2020-05-07 07:08:59.505
2020-05-07 07:08:59,991965,992725,2020-05-07 07:08:59.809
2020-05-07 07:09:00,991967,992612,2020-05-07 07:09:00.082
2020-05-07 07:09:00,992085,992467,2020-05-07 07:09:00.353
2020-05-07 07:09:00,992085,992035,2020-05-07 07:09:00.627
2020-05-07 07:09:00,991826,992035,2020-05-07 07:09:00.892
2020-05-07 07:09:01,991825,992035,2020-05-07 07:09:01.171
2020-05-07 07:09:01,991816,992035,2020-05-07 07:09:01.474
2020-05-07 07:09:01,991825,992035,2020-05-07 07:09:01.740
2020-05-07 07:09:02,991825,992035,2020-05-07 07:09:02.003
2020-05-07 07:09:02,991825,992035,2020-05-07 07:09:02.291
2020-05-07 07:09:02,991889,992467,2020-05-07 07:09:02.575
2020-05-07 07:09:02,991904,992462,2020-05-07 07:09:02.843
2020-05-07 07:09:03,991979,992540,2020-05-07 07:09:03.153
2020-05-07 07:09:03,991979,992539,2020-05-07 07:09:03.534
2020-05-07 07:09:03,991979,992499,2020-05-07 07:09:03.826
2020-05-07 07:09:04,992465,992487,2020-05-07 07:09:04.103
2020-05-07 07:09:04,992465,992487,2020-05-07 07:09:04.937
2020-05-07 07:09:05,992465,992465,2020-05-07 07:09:05.224
2020-05-07 07:09:05,992468,992465,2020-05-07 07:09:05.492
2020-05-07 07:09:05,992468,992458,2020-05-07 07:09:05.783
2020-05-07 07:09:06,992468,992458,2020-05-07 07:09:06.075
2020-05-07 07:09:06,991890,991904,2020-05-07 07:09:06.371
2020-05-07 07:09:06,992399,991904,2020-05-07 07:09:06.884
2020-05-07 07:09:07,992399,992104,2020-05-07 07:09:07.313
2020-05-07 07:09:07,991783,992078,2020-05-07 07:09:07.576
2020-05-07 07:09:07,991794,992078,2020-05-07 07:09:07.861
2020-05-07 07:09:08,991783,992077,2020-05-07 07:09:08.179
2020-05-07 07:09:08,991783,992077,2020-05-07 07:09:08.448
2020-05-07 07:09:08,991783,992077,2020-05-07 07:09:08.722
2020-05-07 07:09:09,991783,992077,2020-05-07 07:09:08.998
2020-05-07 07:09:09,991720,991853,2020-05-07 07:09:09.281
2020-05-07 07:09:09,991783,991695,2020-05-07 07:09:09.578
2020-05-07 07:09:09,991657,991668,2020-05-07 07:09:09.836
2020-05-07 07:09:10,991181,991562,2020-05-07 07:09:10.120
2020-05-07 07:09:10,991127,991530,2020-05-07 07:09:10.402
2020-05-07 07:09:10,991022,991529,2020-05-07 07:09:10.667
2020-05-07 07:09:11,990995,991529,2020-05-07 07:09:11.831
2020-05-07 07:09:12,990998,991506,2020-05-07 07:09:12.163
2020-05-07 07:09:12,991070,991506,2020-05-07 07:09:12.481
2020-05-07 07:09:12,990985,991314,2020-05-07 07:09:12.796
2020-05-07 07:09:13,990985,991314,2020-05-07 07:09:13.217
2020-05-07 07:09:13,990985,991314,2020-05-07 07:09:13.491
2020-05-07 07:09:13,990985,991314,2020-05-07 07:09:13.752
2020-05-07 07:09:14,991245,991269,2020-05-07 07:09:14.079
2020-05-07 07:09:14,991245,991269,2020-05-07 07:09:14.340
2020-05-07 07:09:14,991275,991269,2020-05-07 07:09:14.617
2020-05-07 07:09:14,991275,991269,2020-05-07 07:09:14.884
2020-05-07 07:09:15,991275,991285,2020-05-07 07:09:15.236
2020-05-07 07:09:15,991275,991314,2020-05-07 07:09:15.595
2020-05-07 07:09:15,991275,991314,2020-05-07 07:09:15.869
2020-05-07 07:09:16,991275,991314,2020-05-07 07:09:16.438
2020-05-07 07:09:17,991275,991314,2020-05-07 07:09:17.093
2020-05-07 07:09:17,991275,991314,2020-05-07 07:09:17.375
2020-05-07 07:09:17,991275,991314,2020-05-07 07:09:17.650
2020-05-07 07:09:17,991086,991286,2020-05-07 07:09:17.937
2020-05-07 07:09:18,991349,991388,2020-05-07 07:09:18.239
2020-05-07 07:09:18,991349,991388,2020-05-07 07:09:18.492
2020-05-07 07:09:18,991349,991264,2020-05-07 07:09:18.774
2020-05-07 07:09:19,991055,991100,2020-05-07 07:09:19.151
2020-05-07 07:09:19,991055,991100,2020-05-07 07:09:19.612
2020-05-07 07:09:19,991105,991100,2020-05-07 07:09:19.890
2020-05-07 07:09:20,991106,991100,2020-05-07 07:09:20.163
2020-05-07 07:09:20,991117,991100,2020-05-07 07:09:20.425
2020-05-07 07:09:20,991117,991100,2020-05-07 07:09:20.786
2020-05-07 07:09:21,991117,991100,2020-05-07 07:09:21.081
2020-05-07 07:09:22,991125,991586,2020-05-07 07:09:22.026
2020-05-07 07:09:22,991436,991596,2020-05-07 07:09:22.317
2020-05-07 07:09:22,991436,991596,2020-05-07 07:09:22.614
2020-05-07 07:09:22,991421,991596,2020-05-07 07:09:22.905
2020-05-07 07:09:24,991438,991596,2020-05-07 07:09:24.135
2020-05-07 07:09:24,991438,991585,2020-05-07 07:09:24.411
2020-05-07 07:09:24,991438,991605,2020-05-07 07:09:24.681
2020-05-07 07:09:25,991438,991722,2020-05-07 07:09:25.349
2020-05-07 07:09:25,991439,991721,2020-05-07 07:09:25.699
2020-05-07 07:09:25,991438,991433,2020-05-07 07:09:25.980
2020-05-07 07:09:26,991468,991720,2020-05-07 07:09:26.249
2020-05-07 07:09:26,991468,991468,2020-05-07 07:09:26.529
2020-05-07 07:09:26,991468,991527,2020-05-07 07:09:26.987
2020-05-07 07:09:27,991237,991210,2020-05-07 07:09:27.314
2020-05-07 07:09:27,991213,991411,2020-05-07 07:09:27.615
2020-05-07 07:09:27,991211,991208,2020-05-07 07:09:27.884
2020-05-07 07:09:28,991211,991208,2020-05-07 07:09:28.153
2020-05-07 07:09:28,991211,991208,2020-05-07 07:09:28.409
2020-05-07 07:09:28,991440,991715,2020-05-07 07:09:28.719
2020-05-07 07:09:29,991440,991723,2020-05-07 07:09:28.992
2020-05-07 07:09:29,991459,991723,2020-05-07 07:09:29.292
2020-05-07 07:09:29,991459,991723,2020-05-07 07:09:29.647
2020-05-07 07:09:29,991460,991673,2020-05-07 07:09:29.961
2020-05-07 07:09:30,991460,991673,2020-05-07 07:09:30.226
2020-05-07 07:09:30,991460,991673,2020-05-07 07:09:30.605
2020-05-07 07:09:31,991460,991673,2020-05-07 07:09:31.022
2020-05-07 07:09:31,991460,991673,2020-05-07 07:09:31.425
2020-05-07 07:09:32,991460,991673,2020-05-07 07:09:32.117
2020-05-07 07:09:32,991460,991673,2020-05-07 07:09:32.407
2020-05-07 07:09:32,991460,991673,2020-05-07 07:09:32.660
2020-05-07 07:09:33,991463,991673,2020-05-07 07:09:33.252
2020-05-07 07:09:33,991463,991673,2020-05-07 07:09:33.529
2020-05-07 07:09:33,991463,991673,2020-05-07 07:09:33.830
2020-05-07 07:09:34,991535,991961,2020-05-07 07:09:34.177
2020-05-07 07:09:34,991463,991535,2020-05-07 07:09:34.478
2020-05-07 07:09:35,991463,991462,2020-05-07 07:09:34.882
2020-05-07 07:09:35,991957,991620,2020-05-07 07:09:35.510
2020-05-07 07:09:35,991957,991620,2020-05-07 07:09:35.785
2020-05-07 07:09:36,991957,991620,2020-05-07 07:09:36.070
2020-05-07 07:09:36,991957,991620,2020-05-07 07:09:36.366
2020-05-07 07:09:36,991957,991620,2020-05-07 07:09:36.776
2020-05-07 07:09:37,991441,991620,2020-05-07 07:09:37.034
2020-05-07 07:09:37,991391,991620,2020-05-07 07:09:37.318
2020-05-07 07:09:37,991442,991620,2020-05-07 07:09:37.575
2020-05-07 07:09:37,991442,991620,2020-05-07 07:09:37.853
2020-05-07 07:09:38,991620,991620,2020-05-07 07:09:38.874
2020-05-07 07:09:39,991396,991620,2020-05-07 07:09:39.838
2020-05-07 07:09:40,991359,991391,2020-05-07 07:09:40.190
2020-05-07 07:09:40,991341,991694,2020-05-07 07:09:40.458
2020-05-07 07:09:40,991047,991657,2020-05-07 07:09:40.716
2020-05-07 07:09:41,991048,991259,2020-05-07 07:09:41.024
2020-05-07 07:09:41,991264,991502,2020-05-07 07:09:41.275
2020-05-07 07:09:41,991059,991436,2020-05-07 07:09:41.599
2020-05-07 07:09:41,991059,991436,2020-05-07 07:09:41.918
2020-05-07 07:09:42,991059,991500,2020-05-07 07:09:42.209
2020-05-07 07:09:42,991110,991576,2020-05-07 07:09:42.519
2020-05-07 07:09:42,991441,991561,2020-05-07 07:09:42.793
2020-05-07 07:09:43,991441,991560,2020-05-07 07:09:43.067
2020-05-07 07:09:43,991441,991560,2020-05-07 07:09:43.586
2020-05-07 07:09:43,991441,991560,2020-05-07 07:09:43.875
2020-05-07 07:09:44,991441,991560,2020-05-07 07:09:44.149
2020-05-07 07:09:44,991441,991560,2020-05-07 07:09:44.428
2020-05-07 07:09:44,991441,991560,2020-05-07 07:09:44.690
2020-05-07 07:09:45,991441,991495,2020-05-07 07:09:45.008
2020-05-07 07:09:45,991441,991495,2020-05-07 07:09:45.316
2020-05-07 07:09:45,991441,991495,2020-05-07 07:09:45.576
2020-05-07 07:09:45,991441,991457,2020-05-07 07:09:45.873
2020-05-07 07:09:46,991441,991457,2020-05-07 07:09:46.162
2020-05-07 07:09:46,991023,991462,2020-05-07 07:09:46.445
2020-05-07 07:09:46,991013,991462,2020-05-07 07:09:46.907
2020-05-07 07:09:47,991008,991462,2020-05-07 07:09:47.165
2020-05-07 07:09:47,991119,991455,2020-05-07 07:09:47.451
2020-05-07 07:09:47,991119,991392,2020-05-07 07:09:47.724
2020-05-07 07:09:48,991015,991392,2020-05-07 07:09:48.100
2020-05-07 07:09:48,991015,991392,2020-05-07 07:09:48.377
2020-05-07 07:09:48,991015,991392,2020-05-07 07:09:48.644
2020-05-07 07:09:48,991015,991392,2020-05-07 07:09:48.938
2020-05-07 07:09:49,991015,991392,2020-05-07 07:09:49.215
2020-05-07 07:09:49,991071,991391,2020-05-07 07:09:49.544
2020-05-07 07:09:49,991071,991391,2020-05-07 07:09:49.807
2020-05-07 07:09:50,991119,991391,2020-05-07 07:09:50.103
2020-05-07 07:09:50,991119,991392,2020-05-07 07:09:50.426
2020-05-07 07:09:50,991169,991392,2020-05-07 07:09:50.820
2020-05-07 07:09:51,991169,991522,2020-05-07 07:09:51.223
2020-05-07 07:09:51,991169,991624,2020-05-07 07:09:51.485
2020-05-07 07:09:51,991169,991624,2020-05-07 07:09:51.775
2020-05-07 07:09:52,991169,991624,2020-05-07 07:09:52.042
2020-05-07 07:09:52,991169,991624,2020-05-07 07:09:52.304
2020-05-07 07:09:52,991169,991624,2020-05-07 07:09:52.561
2020-05-07 07:09:52,991169,991624,2020-05-07 07:09:52.846
2020-05-07 07:09:53,991169,991624,2020-05-07 07:09:53.111
2020-05-07 07:09:53,991169,991624,2020-05-07 07:09:53.516
2020-05-07 07:09:53,991169,991585,2020-05-07 07:09:53.900
2020-05-07 07:09:54,991169,991585,2020-05-07 07:09:54.199
2020-05-07 07:09:54,991211,991585,2020-05-07 07:09:54.483
2020-05-07 07:09:54,991211,991585,2020-05-07 07:09:54.866
2020-05-07 07:09:55,991211,991584,2020-05-07 07:09:55.174
2020-05-07 07:09:55,991211,991583,2020-05-07 07:09:55.435
2020-05-07 07:09:56,991211,991583,2020-05-07 07:09:56.128
2020-05-07 07:09:56,991211,991583,2020-05-07 07:09:56.734
2020-05-07 07:09:57,991211,991583,2020-05-07 07:09:57.029
2020-05-07 07:09:57,991211,991583,2020-05-07 07:09:57.342
2020-05-07 07:09:57,991211,991582,2020-05-07 07:09:57.608
2020-05-07 07:09:57,991211,991505,2020-05-07 07:09:57.903
2020-05-07 07:09:58,991071,991505,2020-05-07 07:09:58.932
2020-05-07 07:09:59,991015,991505,2020-05-07 07:09:59.187
2020-05-07 07:09:59,991118,991505,2020-05-07 07:09:59.442
2020-05-07 07:09:59,991118,991505,2020-05-07 07:09:59.704
2020-05-07 07:10:00,991118,991505,2020-05-07 07:10:00.508
2020-05-07 07:10:00,991118,991505,2020-05-07 07:10:00.797
2020-05-07 07:10:01,991176,991505,2020-05-07 07:10:01.083
2020-05-07 07:10:01,991231,991505,2020-05-07 07:10:01.744
2020-05-07 07:10:02,991176,991505,2020-05-07 07:10:02.034
2020-05-07 07:10:02,991176,991505,2020-05-07 07:10:02.333
2020-05-07 07:10:02,991176,991505,2020-05-07 07:10:02.602
2020-05-07 07:10:02,991021,991505,2020-05-07 07:10:02.879
2020-05-07 07:10:03,991233,991505,2020-05-07 07:10:03.133
2020-05-07 07:10:03,991233,991505,2020-05-07 07:10:03.513
2020-05-07 07:10:03,991279,991505,2020-05-07 07:10:03.810
2020-05-07 07:10:04,991279,991505,2020-05-07 07:10:04.106
2020-05-07 07:10:04,991279,991505,2020-05-07 07:10:04.419
2020-05-07 07:10:04,991279,991505,2020-05-07 07:10:04.695
2020-05-07 07:10:05,991279,991505,2020-05-07 07:10:05.021
2020-05-07 07:10:05,991279,991505,2020-05-07 07:10:05.295
2020-05-07 07:10:05,991279,991350,2020-05-07 07:10:05.564
2020-05-07 07:10:05,990997,991350,2020-05-07 07:10:05.836
2020-05-07 07:10:06,990997,991350,2020-05-07 07:10:06.169
2020-05-07 07:10:06,990997,991350,2020-05-07 07:10:06.453
2020-05-07 07:10:06,990997,991350,2020-05-07 07:10:06.718
2020-05-07 07:10:06,990997,991350,2020-05-07 07:10:06.984
2020-05-07 07:10:07,990997,991350,2020-05-07 07:10:07.245
2020-05-07 07:10:07,990997,991350,2020-05-07 07:10:07.546
2020-05-07 07:10:08,990997,991350,2020-05-07 07:10:08.002
2020-05-07 07:10:08,990997,991350,2020-05-07 07:10:08.280
2020-05-07 07:10:08,990997,991350,2020-05-07 07:10:08.610
2020-05-07 07:10:08,990997,991350,2020-05-07 07:10:08.927
2020-05-07 07:10:09,990997,991350,2020-05-07 07:10:09.212
2020-05-07 07:10:09,990997,991350,2020-05-07 07:10:09.479
2020-05-07 07:10:09,990997,991350,2020-05-07 07:10:09.768
2020-05-07 07:10:10,990997,991350,2020-05-07 07:10:10.085
2020-05-07 07:10:10,991077,991531,2020-05-07 07:10:10.390
2020-05-07 07:10:10,991077,991530,2020-05-07 07:10:10.643
2020-05-07 07:10:10,990997,991526,2020-05-07 07:10:10.910
2020-05-07 07:10:11,990997,991072,2020-05-07 07:10:11.211
2020-05-07 07:10:11,991077,991072,2020-05-07 07:10:11.505
2020-05-07 07:10:11,991077,991520,2020-05-07 07:10:11.783
2020-05-07 07:10:12,991077,991558,2020-05-07 07:10:12.066
2020-05-07 07:10:12,991144,991568,2020-05-07 07:10:12.363
2020-05-07 07:10:13,991148,991568,2020-05-07 07:10:13.013
2020-05-07 07:10:13,991148,991568,2020-05-07 07:10:13.346
2020-05-07 07:10:13,991253,991568,2020-05-07 07:10:13.631
2020-05-07 07:10:13,991253,991568,2020-05-07 07:10:13.888
2020-05-07 07:10:14,991253,991568,2020-05-07 07:10:14.478
2020-05-07 07:10:14,991253,991568,2020-05-07 07:10:14.739
2020-05-07 07:10:15,991253,991568,2020-05-07 07:10:15.008
2020-05-07 07:10:15,991253,991568,2020-05-07 07:10:15.284
2020-05-07 07:10:15,991253,991568,2020-05-07 07:10:15.617
2020-05-07 07:10:15,991253,991568,2020-05-07 07:10:15.932
2020-05-07 07:10:16,991253,991568,2020-05-07 07:10:16.350
2020-05-07 07:10:16,991253,991529,2020-05-07 07:10:16.697
2020-05-07 07:10:17,991253,991529,2020-05-07 07:10:17.309
2020-05-07 07:10:17,991253,991479,2020-05-07 07:10:17.585
2020-05-07 07:10:17,991253,991479,2020-05-07 07:10:17.921
2020-05-07 07:10:18,991253,991479,2020-05-07 07:10:18.235
2020-05-07 07:10:18,991253,991479,2020-05-07 07:10:18.518
2020-05-07 07:10:18,991253,991479,2020-05-07 07:10:18.823
2020-05-07 07:10:19,991197,991237,2020-05-07 07:10:19.143
2020-05-07 07:10:19,991197,991237,2020-05-07 07:10:19.460
2020-05-07 07:10:19,991254,991237,2020-05-07 07:10:19.758
2020-05-07 07:10:20,991254,991237,2020-05-07 07:10:20.038
2020-05-07 07:10:20,991254,991237,2020-05-07 07:10:20.309
2020-05-07 07:10:20,991254,991237,2020-05-07 07:10:20.716
2020-05-07 07:10:21,991254,991237,2020-05-07 07:10:21.031
2020-05-07 07:10:21,991302,991579,2020-05-07 07:10:21.287
2020-05-07 07:10:21,991302,991579,2020-05-07 07:10:21.549
2020-05-07 07:10:21,991352,991579,2020-05-07 07:10:21.812
2020-05-07 07:10:22,991352,991848,2020-05-07 07:10:22.762
2020-05-07 07:10:23,991376,991808,2020-05-07 07:10:23.048
2020-05-07 07:10:23,991376,991854,2020-05-07 07:10:23.332
2020-05-07 07:10:23,991376,991854,2020-05-07 07:10:23.604
2020-05-07 07:10:23,991376,991854,2020-05-07 07:10:23.932
2020-05-07 07:10:24,991587,991854,2020-05-07 07:10:24.207
2020-05-07 07:10:24,991590,991854,2020-05-07 07:10:24.494
2020-05-07 07:10:24,991590,991854,2020-05-07 07:10:24.763
2020-05-07 07:10:25,991590,991854,2020-05-07 07:10:25.053
2020-05-07 07:10:25,991590,991854,2020-05-07 07:10:25.338
2020-05-07 07:10:25,991590,991854,2020-05-07 07:10:25.606
2020-05-07 07:10:25,991590,991854,2020-05-07 07:10:25.995
2020-05-07 07:10:26,991590,991854,2020-05-07 07:10:26.623
2020-05-07 07:10:26,991590,991854,2020-05-07 07:10:26.895
2020-05-07 07:10:27,991590,991854,2020-05-07 07:10:27.182
2020-05-07 07:10:27,991590,991804,2020-05-07 07:10:27.498
2020-05-07 07:10:27,991590,991804,2020-05-07 07:10:27.820
2020-05-07 07:10:28,991590,991804,2020-05-07 07:10:28.144
2020-05-07 07:10:28,991590,991804,2020-05-07 07:10:28.943
2020-05-07 07:10:29,991590,991804,2020-05-07 07:10:29.271
2020-05-07 07:10:30,991590,991804,2020-05-07 07:10:30.231
2020-05-07 07:10:30,991590,991804,2020-05-07 07:10:30.506
2020-05-07 07:10:30,991590,991804,2020-05-07 07:10:30.797
2020-05-07 07:10:31,991590,991804,2020-05-07 07:10:31.078
2020-05-07 07:10:31,991590,991804,2020-05-07 07:10:31.480
2020-05-07 07:10:31,991590,991804,2020-05-07 07:10:31.747
2020-05-07 07:10:32,991557,991804,2020-05-07 07:10:32.065
2020-05-07 07:10:32,991574,991804,2020-05-07 07:10:32.331
2020-05-07 07:10:32,991574,991804,2020-05-07 07:10:32.627
2020-05-07 07:10:32,991574,991804,2020-05-07 07:10:32.898
2020-05-07 07:10:33,991574,991804,2020-05-07 07:10:33.158
2020-05-07 07:10:33,991574,991854,2020-05-07 07:10:33.596
2020-05-07 07:10:33,991574,991849,2020-05-07 07:10:33.853
2020-05-07 07:10:34,991574,991849,2020-05-07 07:10:34.212
2020-05-07 07:10:34,991574,991849,2020-05-07 07:10:34.644
2020-05-07 07:10:34,991574,991849,2020-05-07 07:10:34.897
2020-05-07 07:10:35,991574,991849,2020-05-07 07:10:35.166
2020-05-07 07:10:35,991484,991849,2020-05-07 07:10:35.466
2020-05-07 07:10:35,991460,991849,2020-05-07 07:10:35.726
2020-05-07 07:10:36,991995,991960,2020-05-07 07:10:36.621
2020-05-07 07:10:37,991995,991960,2020-05-07 07:10:37.262
2020-05-07 07:10:37,991995,991922,2020-05-07 07:10:37.519
2020-05-07 07:10:37,991995,991922,2020-05-07 07:10:37.823
2020-05-07 07:10:38,991995,991922,2020-05-07 07:10:38.434
2020-05-07 07:10:38,991995,991863,2020-05-07 07:10:38.711
2020-05-07 07:10:39,991995,991863,2020-05-07 07:10:39.001
2020-05-07 07:10:39,991509,991863,2020-05-07 07:10:39.308
2020-05-07 07:10:39,991509,991863,2020-05-07 07:10:39.570
2020-05-07 07:10:40,991509,991863,2020-05-07 07:10:40.029
2020-05-07 07:10:40,991509,991863,2020-05-07 07:10:40.322
2020-05-07 07:10:40,991544,991863,2020-05-07 07:10:40.629
2020-05-07 07:10:40,991607,991863,2020-05-07 07:10:40.917
2020-05-07 07:10:41,991607,991863,2020-05-07 07:10:41.173
2020-05-07 07:10:41,991620,991977,2020-05-07 07:10:41.614
2020-05-07 07:10:41,991625,991977,2020-05-07 07:10:41.988
2020-05-07 07:10:42,991625,991977,2020-05-07 07:10:42.411
2020-05-07 07:10:42,991663,991977,2020-05-07 07:10:42.682
2020-05-07 07:10:42,991663,991977,2020-05-07 07:10:42.956
2020-05-07 07:10:43,991663,991977,2020-05-07 07:10:43.256
2020-05-07 07:10:43,991667,991977,2020-05-07 07:10:43.522
2020-05-07 07:10:43,991667,991977,2020-05-07 07:10:43.821
2020-05-07 07:10:44,991665,991977,2020-05-07 07:10:44.121
2020-05-07 07:10:44,991685,991977,2020-05-07 07:10:44.405
2020-05-07 07:10:44,991685,991977,2020-05-07 07:10:44.676
2020-05-07 07:10:44,991690,991977,2020-05-07 07:10:44.993
2020-05-07 07:10:45,991736,991977,2020-05-07 07:10:45.279
2020-05-07 07:10:45,991736,991977,2020-05-07 07:10:45.565
2020-05-07 07:10:45,991736,991977,2020-05-07 07:10:45.901
2020-05-07 07:10:46,991737,991977,2020-05-07 07:10:46.186
2020-05-07 07:10:46,991775,991977,2020-05-07 07:10:46.465
2020-05-07 07:10:46,991775,991977,2020-05-07 07:10:46.742
2020-05-07 07:10:47,991775,991977,2020-05-07 07:10:47.033
2020-05-07 07:10:47,991775,991977,2020-05-07 07:10:47.340
2020-05-07 07:10:47,991810,991977,2020-05-07 07:10:47.624
2020-05-07 07:10:47,991810,992092,2020-05-07 07:10:47.890
2020-05-07 07:10:48,991810,992227,2020-05-07 07:10:48.164
2020-05-07 07:10:48,991829,992227,2020-05-07 07:10:48.613
2020-05-07 07:10:48,991829,992227,2020-05-07 07:10:48.955
2020-05-07 07:10:49,991830,992227,2020-05-07 07:10:49.259
2020-05-07 07:10:49,991830,991825,2020-05-07 07:10:49.527
2020-05-07 07:10:49,991830,991825,2020-05-07 07:10:49.841
2020-05-07 07:10:50,991830,991825,2020-05-07 07:10:50.183
2020-05-07 07:10:50,991830,991825,2020-05-07 07:10:50.461
2020-05-07 07:10:50,991830,991825,2020-05-07 07:10:50.741
2020-05-07 07:10:51,991830,991825,2020-05-07 07:10:51.089
2020-05-07 07:10:51,991830,991825,2020-05-07 07:10:51.431
2020-05-07 07:10:51,991592,991825,2020-05-07 07:10:51.698
2020-05-07 07:10:51,991582,991825,2020-05-07 07:10:51.954
2020-05-07 07:10:52,991593,991825,2020-05-07 07:10:52.276
2020-05-07 07:10:52,991594,991825,2020-05-07 07:10:52.570
2020-05-07 07:10:52,991594,991825,2020-05-07 07:10:52.861
2020-05-07 07:10:53,991604,991825,2020-05-07 07:10:53.221
2020-05-07 07:10:53,991665,991825,2020-05-07 07:10:53.499
2020-05-07 07:10:53,991665,991825,2020-05-07 07:10:53.788
2020-05-07 07:10:54,991665,991825,2020-05-07 07:10:54.058
2020-05-07 07:10:54,991665,991825,2020-05-07 07:10:54.315
2020-05-07 07:10:54,991665,991825,2020-05-07 07:10:54.805
2020-05-07 07:10:55,991665,991825,2020-05-07 07:10:55.072
2020-05-07 07:10:55,991665,991825,2020-05-07 07:10:55.369
2020-05-07 07:10:55,991715,991825,2020-05-07 07:10:55.690
2020-05-07 07:10:55,991715,991825,2020-05-07 07:10:55.969
2020-05-07 07:10:56,991594,991825,2020-05-07 07:10:56.264
2020-05-07 07:10:56,991593,991825,2020-05-07 07:10:56.637
2020-05-07 07:10:56,991599,991825,2020-05-07 07:10:56.909
2020-05-07 07:10:57,991599,991825,2020-05-07 07:10:57.184
2020-05-07 07:10:57,991599,991825,2020-05-07 07:10:57.451
2020-05-07 07:10:57,991599,991580,2020-05-07 07:10:57.727
2020-05-07 07:10:58,991623,991580,2020-05-07 07:10:58.005
2020-05-07 07:10:58,991763,991580,2020-05-07 07:10:58.288
2020-05-07 07:10:58,991763,991580,2020-05-07 07:10:58.576
2020-05-07 07:10:59,991763,992175,2020-05-07 07:10:59.115
2020-05-07 07:10:59,991763,992154,2020-05-07 07:10:59.427
2020-05-07 07:10:59,991763,992153,2020-05-07 07:10:59.743
2020-05-07 07:11:00,991763,992153,2020-05-07 07:11:00.122
2020-05-07 07:11:00,991763,992153,2020-05-07 07:11:00.434
2020-05-07 07:11:00,991763,992153,2020-05-07 07:11:00.709
2020-05-07 07:11:00,991763,992153,2020-05-07 07:11:00.988
2020-05-07 07:11:01,991763,992153,2020-05-07 07:11:01.330
2020-05-07 07:11:02,991763,992153,2020-05-07 07:11:02.102
2020-05-07 07:11:02,991763,992153,2020-05-07 07:11:02.426
2020-05-07 07:11:02,991787,992154,2020-05-07 07:11:02.682
2020-05-07 07:11:03,991787,992154,2020-05-07 07:11:02.976
2020-05-07 07:11:03,991787,992154,2020-05-07 07:11:03.654
2020-05-07 07:11:03,991788,992154,2020-05-07 07:11:03.934
2020-05-07 07:11:04,991787,992154,2020-05-07 07:11:04.226
2020-05-07 07:11:04,991808,992154,2020-05-07 07:11:04.492
2020-05-07 07:11:04,991808,992154,2020-05-07 07:11:04.775
2020-05-07 07:11:05,992191,992191,2020-05-07 07:11:05.089
2020-05-07 07:11:05,992191,992191,2020-05-07 07:11:05.624
2020-05-07 07:11:05,992191,992191,2020-05-07 07:11:05.882
2020-05-07 07:11:06,992191,992191,2020-05-07 07:11:06.150
2020-05-07 07:11:06,992191,992168,2020-05-07 07:11:06.442
2020-05-07 07:11:06,992191,992138,2020-05-07 07:11:06.713
2020-05-07 07:11:06,992191,992138,2020-05-07 07:11:06.975
2020-05-07 07:11:07,992191,992138,2020-05-07 07:11:07.248
2020-05-07 07:11:07,992191,992138,2020-05-07 07:11:07.568
2020-05-07 07:11:07,992191,992138,2020-05-07 07:11:07.829
2020-05-07 07:11:08,992191,992099,2020-05-07 07:11:08.165
2020-05-07 07:11:08,992191,992099,2020-05-07 07:11:08.627
2020-05-07 07:11:08,992191,992076,2020-05-07 07:11:08.929
2020-05-07 07:11:09,992191,992076,2020-05-07 07:11:09.368
2020-05-07 07:11:09,991769,992076,2020-05-07 07:11:09.664
2020-05-07 07:11:09,991775,992076,2020-05-07 07:11:09.926
2020-05-07 07:11:10,991775,992076,2020-05-07 07:11:10.237
2020-05-07 07:11:10,991777,992076,2020-05-07 07:11:10.539
2020-05-07 07:11:10,991777,992076,2020-05-07 07:11:10.841
2020-05-07 07:11:11,991777,992044,2020-05-07 07:11:11.130
2020-05-07 07:11:11,991817,992044,2020-05-07 07:11:11.525
2020-05-07 07:11:11,991817,992044,2020-05-07 07:11:11.812
2020-05-07 07:11:12,991817,992044,2020-05-07 07:11:12.141
2020-05-07 07:11:12,991817,992044,2020-05-07 07:11:12.437
2020-05-07 07:11:12,991817,992044,2020-05-07 07:11:12.715
2020-05-07 07:11:13,991817,992044,2020-05-07 07:11:13.023
2020-05-07 07:11:13,991817,992044,2020-05-07 07:11:13.578
2020-05-07 07:11:13,991897,992044,2020-05-07 07:11:13.832
2020-05-07 07:11:14,991908,992044,2020-05-07 07:11:14.097
2020-05-07 07:11:14,991912,992044,2020-05-07 07:11:14.398
2020-05-07 07:11:14,991902,991890,2020-05-07 07:11:14.772
2020-05-07 07:11:15,991902,991890,2020-05-07 07:11:15.045
2020-05-07 07:11:15,991902,991890,2020-05-07 07:11:15.349
2020-05-07 07:11:15,991902,991890,2020-05-07 07:11:15.627
2020-05-07 07:11:15,991851,991890,2020-05-07 07:11:15.921
2020-05-07 07:11:16,991851,991890,2020-05-07 07:11:16.257
2020-05-07 07:11:16,991851,991890,2020-05-07 07:11:16.524
2020-05-07 07:11:16,991851,991890,2020-05-07 07:11:16.867
2020-05-07 07:11:17,991880,991880,2020-05-07 07:11:17.229
2020-05-07 07:11:17,991763,991880,2020-05-07 07:11:17.522
2020-05-07 07:11:17,991763,992105,2020-05-07 07:11:17.811
2020-05-07 07:11:18,991763,992105,2020-05-07 07:11:18.150
2020-05-07 07:11:18,991763,992100,2020-05-07 07:11:18.415
2020-05-07 07:11:18,991763,992066,2020-05-07 07:11:18.683
2020-05-07 07:11:18,991773,992066,2020-05-07 07:11:18.967
2020-05-07 07:11:19,991773,992066,2020-05-07 07:11:19.234
2020-05-07 07:11:19,991762,992066,2020-05-07 07:11:19.708
2020-05-07 07:11:20,991761,992066,2020-05-07 07:11:20.056
2020-05-07 07:11:20,991761,992066,2020-05-07 07:11:20.370
2020-05-07 07:11:20,991761,992066,2020-05-07 07:11:20.743
2020-05-07 07:11:21,991761,992066,2020-05-07 07:11:21.009
2020-05-07 07:11:21,991761,992066,2020-05-07 07:11:21.312
2020-05-07 07:11:21,991761,992066,2020-05-07 07:11:21.589
2020-05-07 07:11:21,991761,992066,2020-05-07 07:11:21.902
2020-05-07 07:11:22,991761,992066,2020-05-07 07:11:22.230
2020-05-07 07:11:22,991761,992066,2020-05-07 07:11:22.486
2020-05-07 07:11:23,991761,992066,2020-05-07 07:11:23.547
2020-05-07 07:11:23,991761,992066,2020-05-07 07:11:23.835
2020-05-07 07:11:24,991761,992066,2020-05-07 07:11:24.093
2020-05-07 07:11:24,991761,992116,2020-05-07 07:11:24.380
2020-05-07 07:11:24,991692,991670,2020-05-07 07:11:24.644
2020-05-07 07:11:24,991692,991670,2020-05-07 07:11:24.921
2020-05-07 07:11:25,991692,991670,2020-05-07 07:11:25.294
2020-05-07 07:11:25,991692,992068,2020-05-07 07:11:25.574
2020-05-07 07:11:25,991692,992068,2020-05-07 07:11:25.851
2020-05-07 07:11:26,991692,992062,2020-05-07 07:11:26.119
2020-05-07 07:11:26,991692,991657,2020-05-07 07:11:26.624
2020-05-07 07:11:26,991541,991657,2020-05-07 07:11:26.880
2020-05-07 07:11:27,991443,991637,2020-05-07 07:11:27.172
2020-05-07 07:11:27,991168,991637,2020-05-07 07:11:27.500
2020-05-07 07:11:27,991445,991610,2020-05-07 07:11:27.780
2020-05-07 07:11:28,991248,991607,2020-05-07 07:11:28.073
2020-05-07 07:11:28,991302,991607,2020-05-07 07:11:28.347
2020-05-07 07:11:28,991302,991637,2020-05-07 07:11:28.643
2020-05-07 07:11:28,991302,991657,2020-05-07 07:11:28.905
2020-05-07 07:11:29,991307,991849,2020-05-07 07:11:29.297
2020-05-07 07:11:29,991307,991656,2020-05-07 07:11:29.601
2020-05-07 07:11:30,991308,991575,2020-05-07 07:11:30.567
2020-05-07 07:11:30,991308,991575,2020-05-07 07:11:30.904
2020-05-07 07:11:31,991308,991575,2020-05-07 07:11:31.163
2020-05-07 07:11:31,991308,991574,2020-05-07 07:11:31.685
2020-05-07 07:11:32,991316,991551,2020-05-07 07:11:32.012
2020-05-07 07:11:32,991316,991551,2020-05-07 07:11:32.280
2020-05-07 07:11:32,991316,991551,2020-05-07 07:11:32.554
2020-05-07 07:11:32,991316,991551,2020-05-07 07:11:32.807
2020-05-07 07:11:33,991316,991803,2020-05-07 07:11:33.077
2020-05-07 07:11:33,991316,991803,2020-05-07 07:11:33.412
2020-05-07 07:11:33,991316,991803,2020-05-07 07:11:33.727
2020-05-07 07:11:34,991019,991802,2020-05-07 07:11:34.001
2020-05-07 07:11:34,991003,991316,2020-05-07 07:11:34.266
2020-05-07 07:11:34,990987,991316,2020-05-07 07:11:34.547
2020-05-07 07:11:34,990987,991316,2020-05-07 07:11:34.822
2020-05-07 07:11:35,990987,991316,2020-05-07 07:11:35.084
2020-05-07 07:11:35,990987,991375,2020-05-07 07:11:35.366
2020-05-07 07:11:35,990975,991375,2020-05-07 07:11:35.636
2020-05-07 07:11:36,990975,990946,2020-05-07 07:11:36.001
2020-05-07 07:11:36,990856,990975,2020-05-07 07:11:36.299
2020-05-07 07:11:36,990856,990936,2020-05-07 07:11:36.572
2020-05-07 07:11:36,990761,991337,2020-05-07 07:11:36.840
2020-05-07 07:11:37,990834,991316,2020-05-07 07:11:37.133
2020-05-07 07:11:37,990834,991311,2020-05-07 07:11:37.463
2020-05-07 07:11:37,990834,991311,2020-05-07 07:11:37.752
2020-05-07 07:11:38,990834,991311,2020-05-07 07:11:38.122
2020-05-07 07:11:38,990834,991240,2020-05-07 07:11:38.390
2020-05-07 07:11:38,990613,991180,2020-05-07 07:11:38.738
2020-05-07 07:11:39,990789,991235,2020-05-07 07:11:39.075
2020-05-07 07:11:39,990789,991235,2020-05-07 07:11:39.335
2020-05-07 07:11:39,990789,991235,2020-05-07 07:11:39.684
2020-05-07 07:11:39,990714,991187,2020-05-07 07:11:39.949
2020-05-07 07:11:40,990714,991187,2020-05-07 07:11:40.600
2020-05-07 07:11:40,991134,991129,2020-05-07 07:11:40.874
2020-05-07 07:11:41,990660,990660,2020-05-07 07:11:41.195
2020-05-07 07:11:41,990660,990660,2020-05-07 07:11:41.484
2020-05-07 07:11:41,990660,990660,2020-05-07 07:11:41.763
2020-05-07 07:11:42,990660,990660,2020-05-07 07:11:42.020
2020-05-07 07:11:42,990660,990660,2020-05-07 07:11:42.282
2020-05-07 07:11:42,990517,990571,2020-05-07 07:11:42.557
2020-05-07 07:11:42,990443,990571,2020-05-07 07:11:42.843
2020-05-07 07:11:43,990441,990571,2020-05-07 07:11:43.111
2020-05-07 07:11:43,990216,990517,2020-05-07 07:11:43.453
2020-05-07 07:11:43,990119,990163,2020-05-07 07:11:43.728
2020-05-07 07:11:43,990097,990163,2020-05-07 07:11:43.987
2020-05-07 07:11:44,989827,990163,2020-05-07 07:11:44.266
2020-05-07 07:11:44,989820,990571,2020-05-07 07:11:44.564
2020-05-07 07:11:44,989754,989945,2020-05-07 07:11:44.889
2020-05-07 07:11:45,989536,989945,2020-05-07 07:11:45.434
2020-05-07 07:11:46,989398,989945,2020-05-07 07:11:46.261
2020-05-07 07:11:46,989913,989770,2020-05-07 07:11:46.558
2020-05-07 07:11:46,989600,990120,2020-05-07 07:11:46.822
2020-05-07 07:11:47,990074,990120,2020-05-07 07:11:47.126
2020-05-07 07:11:47,990014,990074,2020-05-07 07:11:47.389
2020-05-07 07:11:47,990014,990074,2020-05-07 07:11:47.692
2020-05-07 07:11:47,990014,990063,2020-05-07 07:11:47.949
2020-05-07 07:11:48,989905,989945,2020-05-07 07:11:48.205
2020-05-07 07:11:48,989905,989945,2020-05-07 07:11:48.457
2020-05-07 07:11:48,989905,990277,2020-05-07 07:11:48.756
2020-05-07 07:11:49,989905,990412,2020-05-07 07:11:49.059
2020-05-07 07:11:49,989905,990280,2020-05-07 07:11:49.412
2020-05-07 07:11:49,990038,990210,2020-05-07 07:11:49.689
2020-05-07 07:11:50,989905,990038,2020-05-07 07:11:49.997
2020-05-07 07:11:50,989905,989991,2020-05-07 07:11:50.571
2020-05-07 07:11:50,989905,990251,2020-05-07 07:11:50.842
2020-05-07 07:11:51,989680,990085,2020-05-07 07:11:51.123
2020-05-07 07:11:51,989680,989929,2020-05-07 07:11:51.380
2020-05-07 07:11:51,989680,990085,2020-05-07 07:11:51.761
2020-05-07 07:11:52,989680,989929,2020-05-07 07:11:52.589
2020-05-07 07:11:52,989673,989929,2020-05-07 07:11:52.916
2020-05-07 07:11:53,989681,989929,2020-05-07 07:11:53.348
2020-05-07 07:11:53,989588,989590,2020-05-07 07:11:53.617
2020-05-07 07:11:55,989162,989583,2020-05-07 07:11:55.139
2020-05-07 07:11:55,989240,989500,2020-05-07 07:11:55.399
2020-05-07 07:11:55,989189,989373,2020-05-07 07:11:55.725
2020-05-07 07:11:56,989189,989281,2020-05-07 07:11:56.006
2020-05-07 07:11:56,989189,989281,2020-05-07 07:11:56.322
2020-05-07 07:11:56,988920,989200,2020-05-07 07:11:56.638
2020-05-07 07:11:56,988905,989189,2020-05-07 07:11:56.928
2020-05-07 07:11:57,988905,989200,2020-05-07 07:11:57.219
2020-05-07 07:11:57,988905,989458,2020-05-07 07:11:57.484
2020-05-07 07:11:57,989199,989463,2020-05-07 07:11:57.754
2020-05-07 07:11:58,989118,989435,2020-05-07 07:11:58.022
2020-05-07 07:11:58,989123,989492,2020-05-07 07:11:58.336
2020-05-07 07:11:58,989123,989499,2020-05-07 07:11:58.833
2020-05-07 07:11:59,989435,989584,2020-05-07 07:11:59.123
2020-05-07 07:11:59,989435,989589,2020-05-07 07:11:59.556
2020-05-07 07:11:59,989435,989589,2020-05-07 07:11:59.836
2020-05-07 07:12:00,989435,989790,2020-05-07 07:12:00.272
2020-05-07 07:12:00,989435,990068,2020-05-07 07:12:00.584
2020-05-07 07:12:00,989435,990068,2020-05-07 07:12:00.848
2020-05-07 07:12:01,989435,990278,2020-05-07 07:12:01.183
2020-05-07 07:12:01,989839,990173,2020-05-07 07:12:01.477
2020-05-07 07:12:01,989922,990173,2020-05-07 07:12:01.736
2020-05-07 07:12:02,989922,990202,2020-05-07 07:12:02.053
2020-05-07 07:12:02,989922,990259,2020-05-07 07:12:02.311
2020-05-07 07:12:02,989922,990259,2020-05-07 07:12:02.584
2020-05-07 07:12:02,989923,990258,2020-05-07 07:12:02.888
2020-05-07 07:12:03,989758,990258,2020-05-07 07:12:03.179
2020-05-07 07:12:03,989758,990171,2020-05-07 07:12:03.749
2020-05-07 07:12:04,989758,990171,2020-05-07 07:12:04.043
2020-05-07 07:12:04,989861,990258,2020-05-07 07:12:04.312
2020-05-07 07:12:04,990258,990258,2020-05-07 07:12:04.568
2020-05-07 07:12:04,989820,990258,2020-05-07 07:12:04.853
2020-05-07 07:12:05,990377,990278,2020-05-07 07:12:05.435
2020-05-07 07:12:06,990377,990372,2020-05-07 07:12:06.214
2020-05-07 07:12:06,990377,990523,2020-05-07 07:12:06.736
2020-05-07 07:12:07,990437,990559,2020-05-07 07:12:07.002
2020-05-07 07:12:07,990437,990559,2020-05-07 07:12:07.254
2020-05-07 07:12:08,990437,990410,2020-05-07 07:12:08.220
2020-05-07 07:12:08,990437,990623,2020-05-07 07:12:08.489
2020-05-07 07:12:08,990437,990639,2020-05-07 07:12:08.750
2020-05-07 07:12:09,990476,990697,2020-05-07 07:12:09.106
2020-05-07 07:12:09,990476,990897,2020-05-07 07:12:09.465
2020-05-07 07:12:09,990486,990897,2020-05-07 07:12:09.870
2020-05-07 07:12:10,990502,990693,2020-05-07 07:12:10.180
2020-05-07 07:12:10,990502,990693,2020-05-07 07:12:10.476
2020-05-07 07:12:10,990502,990693,2020-05-07 07:12:10.738
2020-05-07 07:12:11,990698,990693,2020-05-07 07:12:11.306
2020-05-07 07:12:11,990698,990693,2020-05-07 07:12:11.620
2020-05-07 07:12:11,990698,990693,2020-05-07 07:12:11.924
2020-05-07 07:12:12,990698,990693,2020-05-07 07:12:12.201
2020-05-07 07:12:12,990698,990693,2020-05-07 07:12:12.482
2020-05-07 07:12:12,990698,990693,2020-05-07 07:12:12.750
2020-05-07 07:12:13,990698,990841,2020-05-07 07:12:13.033
2020-05-07 07:12:13,990502,990552,2020-05-07 07:12:13.299
2020-05-07 07:12:13,990502,990765,2020-05-07 07:12:13.559
2020-05-07 07:12:13,990476,990486,2020-05-07 07:12:13.831
2020-05-07 07:12:14,990476,990486,2020-05-07 07:12:14.111
2020-05-07 07:12:14,990476,990765,2020-05-07 07:12:14.469
2020-05-07 07:12:14,990476,990739,2020-05-07 07:12:14.744
2020-05-07 07:12:15,990476,990739,2020-05-07 07:12:15.006
2020-05-07 07:12:15,990484,990729,2020-05-07 07:12:15.263
2020-05-07 07:12:15,990484,990739,2020-05-07 07:12:15.535
2020-05-07 07:12:16,990484,990739,2020-05-07 07:12:16.471
2020-05-07 07:12:16,990455,990634,2020-05-07 07:12:16.751
2020-05-07 07:12:17,990452,990629,2020-05-07 07:12:17.009
2020-05-07 07:12:17,990134,990629,2020-05-07 07:12:17.271
2020-05-07 07:12:17,990473,990629,2020-05-07 07:12:17.553
2020-05-07 07:12:17,990473,990629,2020-05-07 07:12:17.851
2020-05-07 07:12:18,990473,990629,2020-05-07 07:12:18.196
2020-05-07 07:12:18,990473,990555,2020-05-07 07:12:18.461
2020-05-07 07:12:18,990473,990629,2020-05-07 07:12:18.755
2020-05-07 07:12:19,990131,990629,2020-05-07 07:12:19.197
2020-05-07 07:12:19,990130,990629,2020-05-07 07:12:19.582
2020-05-07 07:12:19,990124,990629,2020-05-07 07:12:19.890
2020-05-07 07:12:20,990125,990473,2020-05-07 07:12:20.435
2020-05-07 07:12:20,990125,990473,2020-05-07 07:12:20.709
2020-05-07 07:12:21,990125,990473,2020-05-07 07:12:21.003
2020-05-07 07:12:21,990125,990473,2020-05-07 07:12:21.410
2020-05-07 07:12:21,990125,990473,2020-05-07 07:12:21.682
2020-05-07 07:12:22,990129,990473,2020-05-07 07:12:22.185
2020-05-07 07:12:22,990129,990473,2020-05-07 07:12:22.461
2020-05-07 07:12:23,990129,990473,2020-05-07 07:12:23.044
2020-05-07 07:12:23,990154,990473,2020-05-07 07:12:23.498
2020-05-07 07:12:23,990053,990473,2020-05-07 07:12:23.799
2020-05-07 07:12:24,990053,990473,2020-05-07 07:12:24.071
2020-05-07 07:12:24,990091,990473,2020-05-07 07:12:24.378
2020-05-07 07:12:24,990098,990473,2020-05-07 07:12:24.652
2020-05-07 07:12:24,990098,990473,2020-05-07 07:12:24.927
2020-05-07 07:12:25,990318,990473,2020-05-07 07:12:25.713
2020-05-07 07:12:26,990318,990473,2020-05-07 07:12:26.032
2020-05-07 07:12:26,990318,990132,2020-05-07 07:12:26.293
2020-05-07 07:12:26,990318,990132,2020-05-07 07:12:26.602
2020-05-07 07:12:27,990318,990132,2020-05-07 07:12:27.030
2020-05-07 07:12:27,990000,990132,2020-05-07 07:12:27.293
2020-05-07 07:12:27,990000,990610,2020-05-07 07:12:27.590
2020-05-07 07:12:27,990317,990610,2020-05-07 07:12:27.867
2020-05-07 07:12:28,990453,990610,2020-05-07 07:12:28.148
2020-05-07 07:12:28,990195,990609,2020-05-07 07:12:28.417
2020-05-07 07:12:28,990195,990609,2020-05-07 07:12:28.681
2020-05-07 07:12:29,990267,990609,2020-05-07 07:12:29.198
2020-05-07 07:12:30,990636,990623,2020-05-07 07:12:30.026
2020-05-07 07:12:30,990693,990828,2020-05-07 07:12:30.324
2020-05-07 07:12:30,990693,991175,2020-05-07 07:12:30.585
2020-05-07 07:12:30,990693,991286,2020-05-07 07:12:30.888
2020-05-07 07:12:31,990695,991156,2020-05-07 07:12:31.169
2020-05-07 07:12:31,990695,991273,2020-05-07 07:12:31.472
2020-05-07 07:12:31,990695,991273,2020-05-07 07:12:31.748
2020-05-07 07:12:32,990695,991273,2020-05-07 07:12:32.026
2020-05-07 07:12:32,990695,991273,2020-05-07 07:12:32.289
2020-05-07 07:12:32,990695,991273,2020-05-07 07:12:32.826
2020-05-07 07:12:33,990695,991273,2020-05-07 07:12:33.284
2020-05-07 07:12:33,991302,991273,2020-05-07 07:12:33.664
2020-05-07 07:12:33,991162,991273,2020-05-07 07:12:33.943
2020-05-07 07:12:34,991162,991273,2020-05-07 07:12:34.237
2020-05-07 07:12:34,991162,991273,2020-05-07 07:12:34.601
2020-05-07 07:12:34,991359,991354,2020-05-07 07:12:34.872
2020-05-07 07:12:35,991359,991354,2020-05-07 07:12:35.214
2020-05-07 07:12:36,991359,991354,2020-05-07 07:12:36.532
2020-05-07 07:12:36,991359,991354,2020-05-07 07:12:36.839
2020-05-07 07:12:37,991359,991354,2020-05-07 07:12:37.156
2020-05-07 07:12:37,991359,991354,2020-05-07 07:12:37.440
2020-05-07 07:12:37,991162,991354,2020-05-07 07:12:37.707
2020-05-07 07:12:37,991195,991354,2020-05-07 07:12:37.980
2020-05-07 07:12:38,991195,991354,2020-05-07 07:12:38.273
2020-05-07 07:12:38,991195,991354,2020-05-07 07:12:38.554
2020-05-07 07:12:38,991136,991354,2020-05-07 07:12:38.867
2020-05-07 07:12:39,991136,991354,2020-05-07 07:12:39.179
2020-05-07 07:12:39,991137,991354,2020-05-07 07:12:39.498
2020-05-07 07:12:39,991137,991354,2020-05-07 07:12:39.773
2020-05-07 07:12:40,991051,991389,2020-05-07 07:12:40.071
2020-05-07 07:12:41,991174,991384,2020-05-07 07:12:41.382
2020-05-07 07:12:41,991174,991329,2020-05-07 07:12:41.714
2020-05-07 07:12:42,991174,991329,2020-05-07 07:12:42.054
2020-05-07 07:12:42,991000,991329,2020-05-07 07:12:42.537
2020-05-07 07:12:42,991007,991263,2020-05-07 07:12:42.842
2020-05-07 07:12:43,991007,991263,2020-05-07 07:12:43.226
2020-05-07 07:12:43,991049,991263,2020-05-07 07:12:43.501
2020-05-07 07:12:43,991407,991588,2020-05-07 07:12:43.756
2020-05-07 07:12:44,991407,991369,2020-05-07 07:12:44.017
2020-05-07 07:12:44,991407,991369,2020-05-07 07:12:44.280
2020-05-07 07:12:44,991407,991369,2020-05-07 07:12:44.569
2020-05-07 07:12:44,991088,991369,2020-05-07 07:12:44.846
2020-05-07 07:12:45,991089,991084,2020-05-07 07:12:45.109
2020-05-07 07:12:45,991089,991084,2020-05-07 07:12:45.401
2020-05-07 07:12:45,991089,991084,2020-05-07 07:12:45.723
2020-05-07 07:12:46,991089,991084,2020-05-07 07:12:46.062
2020-05-07 07:12:46,991089,991278,2020-05-07 07:12:46.393
2020-05-07 07:12:46,991089,991278,2020-05-07 07:12:46.652
2020-05-07 07:12:46,991089,991278,2020-05-07 07:12:46.931
2020-05-07 07:12:47,991089,991381,2020-05-07 07:12:47.191
2020-05-07 07:12:47,991089,991531,2020-05-07 07:12:47.611
2020-05-07 07:12:48,991089,991531,2020-05-07 07:12:48.093
2020-05-07 07:12:48,991089,991534,2020-05-07 07:12:48.400
2020-05-07 07:12:48,991278,991534,2020-05-07 07:12:48.684
2020-05-07 07:12:48,991278,991523,2020-05-07 07:12:48.954
2020-05-07 07:12:49,991278,991554,2020-05-07 07:12:49.268
2020-05-07 07:12:49,991278,991554,2020-05-07 07:12:49.571
2020-05-07 07:12:49,991278,991554,2020-05-07 07:12:49.837
2020-05-07 07:12:50,991278,991554,2020-05-07 07:12:50.113
2020-05-07 07:12:50,991278,991462,2020-05-07 07:12:50.478
2020-05-07 07:12:50,990940,991271,2020-05-07 07:12:50.825
2020-05-07 07:12:51,990946,991266,2020-05-07 07:12:51.577
2020-05-07 07:12:51,991010,991266,2020-05-07 07:12:51.937
2020-05-07 07:12:52,991064,991266,2020-05-07 07:12:52.346
2020-05-07 07:12:52,991064,991266,2020-05-07 07:12:52.644
2020-05-07 07:12:52,991064,991266,2020-05-07 07:12:52.926
2020-05-07 07:12:53,991064,991266,2020-05-07 07:12:53.209
2020-05-07 07:12:53,991064,991266,2020-05-07 07:12:53.509
2020-05-07 07:12:53,991064,991266,2020-05-07 07:12:53.821
2020-05-07 07:12:54,991064,991266,2020-05-07 07:12:54.124
2020-05-07 07:12:54,991072,991266,2020-05-07 07:12:54.391
2020-05-07 07:12:54,991072,991266,2020-05-07 07:12:54.659
2020-05-07 07:12:54,991072,991266,2020-05-07 07:12:54.946
2020-05-07 07:12:55,991072,991266,2020-05-07 07:12:55.229
2020-05-07 07:12:55,991107,991266,2020-05-07 07:12:55.487
2020-05-07 07:12:55,991107,991266,2020-05-07 07:12:55.900
2020-05-07 07:12:56,991107,991266,2020-05-07 07:12:56.241
2020-05-07 07:12:56,991107,991266,2020-05-07 07:12:56.550
2020-05-07 07:12:56,991259,991266,2020-05-07 07:12:56.828
2020-05-07 07:12:57,991259,991266,2020-05-07 07:12:57.423
2020-05-07 07:12:57,991276,991266,2020-05-07 07:12:57.689
2020-05-07 07:12:58,991290,991266,2020-05-07 07:12:58.022
2020-05-07 07:12:58,991290,991533,2020-05-07 07:12:58.345
2020-05-07 07:12:58,991290,991533,2020-05-07 07:12:58.615
2020-05-07 07:12:58,991172,991483,2020-05-07 07:12:58.880
2020-05-07 07:12:59,991172,991483,2020-05-07 07:12:59.150
2020-05-07 07:12:59,991172,991483,2020-05-07 07:12:59.411
2020-05-07 07:12:59,991172,991483,2020-05-07 07:12:59.695
2020-05-07 07:13:00,991172,991483,2020-05-07 07:12:59.988
2020-05-07 07:13:00,991172,991483,2020-05-07 07:13:00.261
2020-05-07 07:13:00,991172,991483,2020-05-07 07:13:00.833
2020-05-07 07:13:01,991172,991483,2020-05-07 07:13:01.084
2020-05-07 07:13:01,991172,991483,2020-05-07 07:13:01.341
2020-05-07 07:13:01,991172,991483,2020-05-07 07:13:01.721
2020-05-07 07:13:01,991202,991483,2020-05-07 07:13:01.977
2020-05-07 07:13:02,991202,991588,2020-05-07 07:13:02.531
2020-05-07 07:13:02,991316,991601,2020-05-07 07:13:02.787
2020-05-07 07:13:03,991316,991745,2020-05-07 07:13:03.559
2020-05-07 07:13:03,991316,991745,2020-05-07 07:13:03.845
2020-05-07 07:13:04,991316,991818,2020-05-07 07:13:04.380
2020-05-07 07:13:04,991299,991823,2020-05-07 07:13:04.656
2020-05-07 07:13:05,991299,991748,2020-05-07 07:13:04.928
2020-05-07 07:13:05,991299,991697,2020-05-07 07:13:05.284
2020-05-07 07:13:05,991299,991697,2020-05-07 07:13:05.540
2020-05-07 07:13:05,991299,991697,2020-05-07 07:13:05.801
2020-05-07 07:13:06,991299,991697,2020-05-07 07:13:06.053
2020-05-07 07:13:06,991299,991697,2020-05-07 07:13:06.357
2020-05-07 07:13:06,991299,991696,2020-05-07 07:13:06.649
2020-05-07 07:13:06,991299,991696,2020-05-07 07:13:06.920
2020-05-07 07:13:07,991299,991696,2020-05-07 07:13:07.259
2020-05-07 07:13:07,991299,991686,2020-05-07 07:13:07.516
2020-05-07 07:13:07,991299,991686,2020-05-07 07:13:07.991
2020-05-07 07:13:08,991299,991680,2020-05-07 07:13:08.251
2020-05-07 07:13:08,991299,991680,2020-05-07 07:13:08.585
2020-05-07 07:13:08,991299,991680,2020-05-07 07:13:08.843
2020-05-07 07:13:09,991299,991630,2020-05-07 07:13:09.138
2020-05-07 07:13:09,991299,991630,2020-05-07 07:13:09.405
2020-05-07 07:13:09,991299,991630,2020-05-07 07:13:09.665
2020-05-07 07:13:09,991299,991630,2020-05-07 07:13:09.938
2020-05-07 07:13:10,991299,991630,2020-05-07 07:13:10.208
2020-05-07 07:13:10,991299,991630,2020-05-07 07:13:10.525
2020-05-07 07:13:10,991299,991630,2020-05-07 07:13:10.800
2020-05-07 07:13:11,991299,991630,2020-05-07 07:13:11.061
2020-05-07 07:13:11,991299,991630,2020-05-07 07:13:11.329
2020-05-07 07:13:11,991299,991630,2020-05-07 07:13:11.596
2020-05-07 07:13:11,991299,991630,2020-05-07 07:13:11.885
2020-05-07 07:13:12,991299,991594,2020-05-07 07:13:12.148
2020-05-07 07:13:12,991299,991594,2020-05-07 07:13:12.437
2020-05-07 07:13:12,991299,991594,2020-05-07 07:13:12.726
2020-05-07 07:13:13,991299,991594,2020-05-07 07:13:13.027
2020-05-07 07:13:13,991299,991594,2020-05-07 07:13:13.292
2020-05-07 07:13:13,991600,991630,2020-05-07 07:13:13.555
2020-05-07 07:13:13,991394,991630,2020-05-07 07:13:13.833
2020-05-07 07:13:14,991600,991595,2020-05-07 07:13:14.102
2020-05-07 07:13:14,991600,991595,2020-05-07 07:13:14.399
2020-05-07 07:13:14,991600,991595,2020-05-07 07:13:14.717
2020-05-07 07:13:14,991600,991595,2020-05-07 07:13:14.981
2020-05-07 07:13:15,991600,991592,2020-05-07 07:13:15.467
2020-05-07 07:13:15,991600,991592,2020-05-07 07:13:15.745
2020-05-07 07:13:16,991600,991592,2020-05-07 07:13:16.118
2020-05-07 07:13:16,991600,991592,2020-05-07 07:13:16.697
2020-05-07 07:13:16,991600,991592,2020-05-07 07:13:16.955
2020-05-07 07:13:17,991600,991587,2020-05-07 07:13:17.462
2020-05-07 07:13:17,991600,991587,2020-05-07 07:13:17.833
2020-05-07 07:13:18,991600,991504,2020-05-07 07:13:18.159
2020-05-07 07:13:18,991600,991504,2020-05-07 07:13:18.616
2020-05-07 07:13:18,991600,991504,2020-05-07 07:13:18.878
2020-05-07 07:13:19,991600,991504,2020-05-07 07:13:19.194
2020-05-07 07:13:19,991600,991504,2020-05-07 07:13:19.479
2020-05-07 07:13:19,991600,991504,2020-05-07 07:13:19.748
2020-05-07 07:13:20,991600,991504,2020-05-07 07:13:20.057
2020-05-07 07:13:20,991600,991504,2020-05-07 07:13:20.350
2020-05-07 07:13:20,991600,991504,2020-05-07 07:13:20.635
2020-05-07 07:13:20,991600,991504,2020-05-07 07:13:20.951
2020-05-07 07:13:21,991600,991504,2020-05-07 07:13:21.229
2020-05-07 07:13:21,991600,991504,2020-05-07 07:13:21.606
2020-05-07 07:13:21,991248,991504,2020-05-07 07:13:21.897
2020-05-07 07:13:22,991114,991472,2020-05-07 07:13:22.276
2020-05-07 07:13:22,991114,991472,2020-05-07 07:13:22.548
2020-05-07 07:13:22,991114,991472,2020-05-07 07:13:22.851
2020-05-07 07:13:23,991120,991472,2020-05-07 07:13:23.197
2020-05-07 07:13:23,991120,991472,2020-05-07 07:13:23.631
2020-05-07 07:13:23,991114,991472,2020-05-07 07:13:23.946
2020-05-07 07:13:24,991114,991472,2020-05-07 07:13:24.253
2020-05-07 07:13:24,991114,991472,2020-05-07 07:13:24.530
2020-05-07 07:13:25,991114,991472,2020-05-07 07:13:25.017
2020-05-07 07:13:25,991114,991472,2020-05-07 07:13:25.284
2020-05-07 07:13:25,991114,991472,2020-05-07 07:13:25.933
2020-05-07 07:13:26,991114,991472,2020-05-07 07:13:26.367
2020-05-07 07:13:26,991114,991472,2020-05-07 07:13:26.645
2020-05-07 07:13:26,991114,991472,2020-05-07 07:13:26.915
2020-05-07 07:13:27,991169,991472,2020-05-07 07:13:27.204
2020-05-07 07:13:27,991169,991472,2020-05-07 07:13:27.469
2020-05-07 07:13:27,991169,991472,2020-05-07 07:13:27.785
2020-05-07 07:13:28,991169,991472,2020-05-07 07:13:28.078
2020-05-07 07:13:28,991169,991472,2020-05-07 07:13:28.358
2020-05-07 07:13:28,991169,991472,2020-05-07 07:13:28.701
2020-05-07 07:13:28,991169,991472,2020-05-07 07:13:28.972
2020-05-07 07:13:29,991169,991472,2020-05-07 07:13:29.523
2020-05-07 07:13:29,991169,991472,2020-05-07 07:13:29.820
2020-05-07 07:13:30,991169,991472,2020-05-07 07:13:30.129
2020-05-07 07:13:30,991169,991472,2020-05-07 07:13:30.436
2020-05-07 07:13:31,991169,991472,2020-05-07 07:13:31.406
2020-05-07 07:13:32,991170,991472,2020-05-07 07:13:32.182
2020-05-07 07:13:32,991170,991472,2020-05-07 07:13:32.437
2020-05-07 07:13:32,991220,991472,2020-05-07 07:13:32.706
2020-05-07 07:13:33,991220,991472,2020-05-07 07:13:33.464
2020-05-07 07:13:33,991220,991472,2020-05-07 07:13:33.750
2020-05-07 07:13:34,991220,991472,2020-05-07 07:13:34.045
2020-05-07 07:13:34,991220,991472,2020-05-07 07:13:34.314
2020-05-07 07:13:34,991170,991472,2020-05-07 07:13:34.577
2020-05-07 07:13:34,991175,991472,2020-05-07 07:13:34.869
2020-05-07 07:13:35,991170,991472,2020-05-07 07:13:35.165
2020-05-07 07:13:35,991169,991472,2020-05-07 07:13:35.452
2020-05-07 07:13:35,991169,991472,2020-05-07 07:13:35.746
2020-05-07 07:13:36,991170,991472,2020-05-07 07:13:36.004
2020-05-07 07:13:36,991170,991472,2020-05-07 07:13:36.539
2020-05-07 07:13:36,991170,991472,2020-05-07 07:13:36.838
2020-05-07 07:13:37,991170,991472,2020-05-07 07:13:37.596
2020-05-07 07:13:38,991170,991472,2020-05-07 07:13:38.055
2020-05-07 07:13:39,991170,991472,2020-05-07 07:13:39.006
2020-05-07 07:13:39,991310,991472,2020-05-07 07:13:39.282
2020-05-07 07:13:39,991310,991472,2020-05-07 07:13:39.696
2020-05-07 07:13:39,991310,991472,2020-05-07 07:13:39.967
2020-05-07 07:13:40,991310,991472,2020-05-07 07:13:40.264
2020-05-07 07:13:40,991310,991472,2020-05-07 07:13:40.797
2020-05-07 07:13:41,991310,991472,2020-05-07 07:13:41.060
2020-05-07 07:13:41,991310,991472,2020-05-07 07:13:41.347
2020-05-07 07:13:41,991084,991472,2020-05-07 07:13:41.604
2020-05-07 07:13:41,990895,991350,2020-05-07 07:13:41.869
2020-05-07 07:13:42,990851,991350,2020-05-07 07:13:42.140
2020-05-07 07:13:42,990851,991287,2020-05-07 07:13:42.419
2020-05-07 07:13:42,990839,991287,2020-05-07 07:13:42.679
2020-05-07 07:13:42,990801,991287,2020-05-07 07:13:42.942
2020-05-07 07:13:43,990801,991287,2020-05-07 07:13:43.266
2020-05-07 07:13:43,990806,991287,2020-05-07 07:13:43.534
2020-05-07 07:13:44,990807,991201,2020-05-07 07:13:44.401
2020-05-07 07:13:44,990807,991198,2020-05-07 07:13:44.662
2020-05-07 07:13:44,990807,991198,2020-05-07 07:13:44.962
2020-05-07 07:13:45,990807,991198,2020-05-07 07:13:45.230
2020-05-07 07:13:45,991201,991253,2020-05-07 07:13:45.597
2020-05-07 07:13:45,991253,991253,2020-05-07 07:13:45.950
2020-05-07 07:13:46,991253,991253,2020-05-07 07:13:46.213
2020-05-07 07:13:46,991253,991253,2020-05-07 07:13:46.473
2020-05-07 07:13:46,991253,991253,2020-05-07 07:13:46.749
2020-05-07 07:13:47,991253,991253,2020-05-07 07:13:47.108
2020-05-07 07:13:47,991253,991253,2020-05-07 07:13:47.937
2020-05-07 07:13:48,991253,991253,2020-05-07 07:13:48.207
2020-05-07 07:13:48,991253,991253,2020-05-07 07:13:48.484
2020-05-07 07:13:48,991253,991253,2020-05-07 07:13:48.830
2020-05-07 07:13:49,991253,991253,2020-05-07 07:13:49.090
2020-05-07 07:13:49,991270,991287,2020-05-07 07:13:49.402
2020-05-07 07:13:49,991270,991287,2020-05-07 07:13:49.663
2020-05-07 07:13:49,991270,991287,2020-05-07 07:13:49.925
2020-05-07 07:13:50,991270,991287,2020-05-07 07:13:50.234
2020-05-07 07:13:50,991270,991287,2020-05-07 07:13:50.632
2020-05-07 07:13:50,991270,991287,2020-05-07 07:13:50.917
2020-05-07 07:13:51,991270,991248,2020-05-07 07:13:51.198
2020-05-07 07:13:51,991270,991326,2020-05-07 07:13:51.507
2020-05-07 07:13:51,991270,991326,2020-05-07 07:13:51.820
2020-05-07 07:13:52,991270,991321,2020-05-07 07:13:52.093
2020-05-07 07:13:52,991270,991321,2020-05-07 07:13:52.352
2020-05-07 07:13:52,991270,991286,2020-05-07 07:13:52.619
2020-05-07 07:13:53,991270,991286,2020-05-07 07:13:53.265
2020-05-07 07:13:53,991270,991286,2020-05-07 07:13:53.881
2020-05-07 07:13:54,991270,991242,2020-05-07 07:13:54.164
2020-05-07 07:13:54,991270,991242,2020-05-07 07:13:54.434
2020-05-07 07:13:54,991270,991242,2020-05-07 07:13:54.723
2020-05-07 07:13:55,991270,991242,2020-05-07 07:13:55.031
2020-05-07 07:13:55,991270,991242,2020-05-07 07:13:55.304
2020-05-07 07:13:55,991270,991242,2020-05-07 07:13:55.633
2020-05-07 07:13:55,991270,991242,2020-05-07 07:13:55.934
2020-05-07 07:13:56,990886,991242,2020-05-07 07:13:56.286
2020-05-07 07:13:57,990886,991242,2020-05-07 07:13:57.116
2020-05-07 07:13:57,990886,991242,2020-05-07 07:13:57.490
2020-05-07 07:13:57,990886,991242,2020-05-07 07:13:57.772
2020-05-07 07:13:58,990886,991238,2020-05-07 07:13:58.036
2020-05-07 07:13:58,990886,991238,2020-05-07 07:13:58.336
2020-05-07 07:13:58,990886,991238,2020-05-07 07:13:58.605
2020-05-07 07:13:58,990886,991201,2020-05-07 07:13:58.869
2020-05-07 07:13:59,990886,991201,2020-05-07 07:13:59.285
2020-05-07 07:13:59,990886,991201,2020-05-07 07:13:59.571
2020-05-07 07:13:59,990886,991201,2020-05-07 07:13:59.868
2020-05-07 07:14:00,990886,991201,2020-05-07 07:14:00.246
2020-05-07 07:14:00,990886,991201,2020-05-07 07:14:00.550
2020-05-07 07:14:00,990886,991318,2020-05-07 07:14:00.821
2020-05-07 07:14:01,990886,991231,2020-05-07 07:14:01.114
2020-05-07 07:14:01,990886,991231,2020-05-07 07:14:01.507
2020-05-07 07:14:01,990902,991231,2020-05-07 07:14:01.930
2020-05-07 07:14:02,990902,991231,2020-05-07 07:14:02.344
2020-05-07 07:14:02,990902,991181,2020-05-07 07:14:02.647
2020-05-07 07:14:02,990902,991181,2020-05-07 07:14:02.950
2020-05-07 07:14:03,990902,991181,2020-05-07 07:14:03.230
2020-05-07 07:14:03,990902,991181,2020-05-07 07:14:03.637
2020-05-07 07:14:03,990902,991181,2020-05-07 07:14:03.905
2020-05-07 07:14:04,990903,991181,2020-05-07 07:14:04.397
2020-05-07 07:14:04,990903,991181,2020-05-07 07:14:04.703
2020-05-07 07:14:04,990903,991104,2020-05-07 07:14:04.982
2020-05-07 07:14:05,990903,991104,2020-05-07 07:14:05.290
2020-05-07 07:14:05,990903,991104,2020-05-07 07:14:05.670
2020-05-07 07:14:05,990903,991095,2020-05-07 07:14:05.967
2020-05-07 07:14:06,990903,991095,2020-05-07 07:14:06.236
2020-05-07 07:14:06,990903,991095,2020-05-07 07:14:06.614
2020-05-07 07:14:06,990903,991095,2020-05-07 07:14:06.896
2020-05-07 07:14:07,990903,991095,2020-05-07 07:14:07.261
2020-05-07 07:14:07,990903,991095,2020-05-07 07:14:07.804
2020-05-07 07:14:08,990903,991095,2020-05-07 07:14:08.114
2020-05-07 07:14:08,990903,991095,2020-05-07 07:14:08.549
2020-05-07 07:14:08,990903,991095,2020-05-07 07:14:08.828
2020-05-07 07:14:09,990811,991095,2020-05-07 07:14:09.093
2020-05-07 07:14:09,990811,991095,2020-05-07 07:14:09.386
2020-05-07 07:14:09,990811,991095,2020-05-07 07:14:09.657
2020-05-07 07:14:09,990811,991095,2020-05-07 07:14:09.935
2020-05-07 07:14:10,990811,991095,2020-05-07 07:14:10.226
2020-05-07 07:14:10,990840,991095,2020-05-07 07:14:10.519
2020-05-07 07:14:10,990840,991095,2020-05-07 07:14:10.822
2020-05-07 07:14:11,990840,991095,2020-05-07 07:14:11.118
2020-05-07 07:14:11,990840,991095,2020-05-07 07:14:11.398
2020-05-07 07:14:11,990845,991095,2020-05-07 07:14:11.650
2020-05-07 07:14:11,991108,991104,2020-05-07 07:14:11.931
2020-05-07 07:14:12,991108,991104,2020-05-07 07:14:12.245
2020-05-07 07:14:12,991108,991104,2020-05-07 07:14:12.556
2020-05-07 07:14:13,991108,991104,2020-05-07 07:14:13.056
2020-05-07 07:14:13,991108,991104,2020-05-07 07:14:13.364
2020-05-07 07:14:13,991108,991104,2020-05-07 07:14:13.676
2020-05-07 07:14:14,991108,991104,2020-05-07 07:14:14.112
2020-05-07 07:14:14,991108,991104,2020-05-07 07:14:14.383
2020-05-07 07:14:14,991108,991104,2020-05-07 07:14:14.639
2020-05-07 07:14:14,991108,991104,2020-05-07 07:14:14.945
2020-05-07 07:14:15,991108,991104,2020-05-07 07:14:15.230
2020-05-07 07:14:15,991113,991104,2020-05-07 07:14:15.509
2020-05-07 07:14:15,991113,991108,2020-05-07 07:14:15.791
2020-05-07 07:14:16,991113,991108,2020-05-07 07:14:16.058
2020-05-07 07:14:16,991113,991180,2020-05-07 07:14:16.338
2020-05-07 07:14:16,991113,991181,2020-05-07 07:14:16.626
2020-05-07 07:14:16,991113,991181,2020-05-07 07:14:16.915
2020-05-07 07:14:17,991113,991172,2020-05-07 07:14:17.245
2020-05-07 07:14:17,991113,991172,2020-05-07 07:14:17.546
2020-05-07 07:14:17,991113,991155,2020-05-07 07:14:17.968
2020-05-07 07:14:18,991113,991155,2020-05-07 07:14:18.305
2020-05-07 07:14:18,991113,991150,2020-05-07 07:14:18.572
2020-05-07 07:14:18,991113,991150,2020-05-07 07:14:18.861
2020-05-07 07:14:19,991113,991104,2020-05-07 07:14:19.135
2020-05-07 07:14:19,991113,991104,2020-05-07 07:14:19.419
2020-05-07 07:14:19,991113,991104,2020-05-07 07:14:19.681
2020-05-07 07:14:19,991113,991104,2020-05-07 07:14:19.938
2020-05-07 07:14:21,990808,991099,2020-05-07 07:14:21.094
2020-05-07 07:14:21,990808,991096,2020-05-07 07:14:21.503
2020-05-07 07:14:21,990808,991016,2020-05-07 07:14:21.821
2020-05-07 07:14:22,990808,991016,2020-05-07 07:14:22.084
2020-05-07 07:14:22,990808,991016,2020-05-07 07:14:22.343
2020-05-07 07:14:22,990807,991016,2020-05-07 07:14:22.614
2020-05-07 07:14:23,990808,990786,2020-05-07 07:14:23.055
2020-05-07 07:14:23,990808,990786,2020-05-07 07:14:23.330
2020-05-07 07:14:23,990723,990786,2020-05-07 07:14:23.614
2020-05-07 07:14:23,990723,990786,2020-05-07 07:14:23.972
2020-05-07 07:14:24,990723,990786,2020-05-07 07:14:24.252
2020-05-07 07:14:24,990723,990786,2020-05-07 07:14:24.526
2020-05-07 07:14:24,990666,990786,2020-05-07 07:14:24.829
2020-05-07 07:14:25,990667,990667,2020-05-07 07:14:25.158
2020-05-07 07:14:25,990672,990667,2020-05-07 07:14:25.635
2020-05-07 07:14:25,990672,990791,2020-05-07 07:14:25.968
2020-05-07 07:14:26,990672,990961,2020-05-07 07:14:26.424
2020-05-07 07:14:26,990672,990961,2020-05-07 07:14:26.680
2020-05-07 07:14:27,990737,990961,2020-05-07 07:14:27.247
2020-05-07 07:14:27,990737,990961,2020-05-07 07:14:27.634
2020-05-07 07:14:27,990737,990961,2020-05-07 07:14:27.902
2020-05-07 07:14:29,990352,990952,2020-05-07 07:14:29.425
2020-05-07 07:14:29,990358,990707,2020-05-07 07:14:29.705
2020-05-07 07:14:30,990419,990530,2020-05-07 07:14:29.985
2020-05-07 07:14:30,990358,990419,2020-05-07 07:14:30.283
2020-05-07 07:14:30,990358,990419,2020-05-07 07:14:30.559
2020-05-07 07:14:30,990358,990413,2020-05-07 07:14:30.858
2020-05-07 07:14:31,990358,990399,2020-05-07 07:14:31.143
2020-05-07 07:14:31,990334,990399,2020-05-07 07:14:31.420
2020-05-07 07:14:31,990255,990334,2020-05-07 07:14:31.760
2020-05-07 07:14:32,990255,990334,2020-05-07 07:14:32.019
2020-05-07 07:14:32,990255,990334,2020-05-07 07:14:32.281
2020-05-07 07:14:32,990255,990334,2020-05-07 07:14:32.564
2020-05-07 07:14:32,990255,990334,2020-05-07 07:14:32.824
2020-05-07 07:14:33,990255,990334,2020-05-07 07:14:33.180
2020-05-07 07:14:33,990255,990334,2020-05-07 07:14:33.466
2020-05-07 07:14:33,990255,990334,2020-05-07 07:14:33.770
2020-05-07 07:14:34,990255,990334,2020-05-07 07:14:34.070
2020-05-07 07:14:34,990255,990334,2020-05-07 07:14:34.326
2020-05-07 07:14:34,990255,990334,2020-05-07 07:14:34.599
2020-05-07 07:14:34,990255,990334,2020-05-07 07:14:34.851
2020-05-07 07:14:35,990038,990352,2020-05-07 07:14:35.120
2020-05-07 07:14:36,989998,990352,2020-05-07 07:14:36.147
2020-05-07 07:14:36,989998,990326,2020-05-07 07:14:36.434
2020-05-07 07:14:36,989934,990043,2020-05-07 07:14:36.725
2020-05-07 07:14:37,989874,990043,2020-05-07 07:14:37.001
2020-05-07 07:14:37,989839,990039,2020-05-07 07:14:37.268
2020-05-07 07:14:37,989839,989843,2020-05-07 07:14:37.560
2020-05-07 07:14:37,989839,989805,2020-05-07 07:14:37.883
2020-05-07 07:14:38,989839,989805,2020-05-07 07:14:38.198
2020-05-07 07:14:38,989839,989805,2020-05-07 07:14:38.481
2020-05-07 07:14:38,989810,989841,2020-05-07 07:14:38.939
2020-05-07 07:14:39,989843,989844,2020-05-07 07:14:39.190
2020-05-07 07:14:39,989845,989844,2020-05-07 07:14:39.698
2020-05-07 07:14:40,989862,989844,2020-05-07 07:14:40.303
2020-05-07 07:14:40,989935,989930,2020-05-07 07:14:40.568
2020-05-07 07:14:40,989946,989930,2020-05-07 07:14:40.870
2020-05-07 07:14:41,989946,989930,2020-05-07 07:14:41.318
2020-05-07 07:14:41,989946,989930,2020-05-07 07:14:41.855
2020-05-07 07:14:42,989946,989930,2020-05-07 07:14:42.160
2020-05-07 07:14:42,989946,989930,2020-05-07 07:14:42.418
2020-05-07 07:14:42,989946,989930,2020-05-07 07:14:42.680
2020-05-07 07:14:42,989966,989961,2020-05-07 07:14:42.972
2020-05-07 07:14:43,989934,989961,2020-05-07 07:14:43.250
2020-05-07 07:14:43,990140,990136,2020-05-07 07:14:43.690
2020-05-07 07:14:43,990140,990136,2020-05-07 07:14:43.980
2020-05-07 07:14:44,990140,990238,2020-05-07 07:14:44.243
2020-05-07 07:14:44,990140,990238,2020-05-07 07:14:44.535
2020-05-07 07:14:44,990140,990233,2020-05-07 07:14:44.813
2020-05-07 07:14:45,990140,990233,2020-05-07 07:14:45.491
2020-05-07 07:14:46,990238,990239,2020-05-07 07:14:46.229
2020-05-07 07:14:46,990238,990239,2020-05-07 07:14:46.545
2020-05-07 07:14:46,990238,990239,2020-05-07 07:14:46.918
2020-05-07 07:14:47,990238,990239,2020-05-07 07:14:47.247
2020-05-07 07:14:47,990014,990239,2020-05-07 07:14:47.533
2020-05-07 07:14:48,990269,990363,2020-05-07 07:14:48.120
2020-05-07 07:14:48,990269,990363,2020-05-07 07:14:48.447
2020-05-07 07:14:48,990269,990363,2020-05-07 07:14:48.750
2020-05-07 07:14:49,990349,990556,2020-05-07 07:14:49.028
2020-05-07 07:14:49,990435,990634,2020-05-07 07:14:49.299
2020-05-07 07:14:49,990646,990756,2020-05-07 07:14:49.567
2020-05-07 07:14:49,990714,990756,2020-05-07 07:14:49.842
2020-05-07 07:14:50,990785,990780,2020-05-07 07:14:50.208
2020-05-07 07:14:50,990785,990780,2020-05-07 07:14:50.487
2020-05-07 07:14:50,990715,990785,2020-05-07 07:14:50.762
2020-05-07 07:14:51,990715,990785,2020-05-07 07:14:51.021
2020-05-07 07:14:51,990715,990785,2020-05-07 07:14:51.299
2020-05-07 07:14:51,990715,990785,2020-05-07 07:14:51.580
2020-05-07 07:14:51,990715,990785,2020-05-07 07:14:51.873
2020-05-07 07:14:52,990715,990785,2020-05-07 07:14:52.159
2020-05-07 07:14:52,990725,990785,2020-05-07 07:14:52.490
2020-05-07 07:14:52,990726,990806,2020-05-07 07:14:52.746
2020-05-07 07:14:53,990725,990806,2020-05-07 07:14:53.017
2020-05-07 07:14:53,990725,990721,2020-05-07 07:14:53.278
2020-05-07 07:14:53,990725,990721,2020-05-07 07:14:53.949
2020-05-07 07:14:54,990725,990806,2020-05-07 07:14:54.470
2020-05-07 07:14:54,990725,990806,2020-05-07 07:14:54.741
2020-05-07 07:14:55,990880,990855,2020-05-07 07:14:55.033
2020-05-07 07:14:55,990880,990855,2020-05-07 07:14:55.304
2020-05-07 07:14:55,990880,990855,2020-05-07 07:14:55.803
2020-05-07 07:14:56,990880,991054,2020-05-07 07:14:56.079
2020-05-07 07:14:56,991206,991181,2020-05-07 07:14:56.349
2020-05-07 07:14:56,991206,991181,2020-05-07 07:14:56.614
2020-05-07 07:14:57,991206,991181,2020-05-07 07:14:57.264
2020-05-07 07:14:57,991206,991181,2020-05-07 07:14:57.538
2020-05-07 07:14:57,991206,991181,2020-05-07 07:14:57.832
2020-05-07 07:14:58,991206,991181,2020-05-07 07:14:58.118
2020-05-07 07:14:58,991206,991181,2020-05-07 07:14:58.391
2020-05-07 07:14:58,991206,991181,2020-05-07 07:14:58.744
2020-05-07 07:14:59,991206,991181,2020-05-07 07:14:59.091
2020-05-07 07:14:59,991206,991181,2020-05-07 07:14:59.371
2020-05-07 07:14:59,991206,991181,2020-05-07 07:14:59.659
2020-05-07 07:15:00,990892,991074,2020-05-07 07:15:00.036
2020-05-07 07:15:00,990892,991074,2020-05-07 07:15:00.919
2020-05-07 07:15:01,990892,991020,2020-05-07 07:15:01.203
2020-05-07 07:15:01,990892,991020,2020-05-07 07:15:01.498
2020-05-07 07:15:01,991020,991020,2020-05-07 07:15:01.830
2020-05-07 07:15:02,991020,991020,2020-05-07 07:15:02.781
2020-05-07 07:15:03,991020,991020,2020-05-07 07:15:03.054
2020-05-07 07:15:03,991020,991020,2020-05-07 07:15:03.347
2020-05-07 07:15:03,991020,991020,2020-05-07 07:15:03.604
2020-05-07 07:15:03,991020,991020,2020-05-07 07:15:03.901
2020-05-07 07:15:04,991020,991020,2020-05-07 07:15:04.164
2020-05-07 07:15:04,991020,991020,2020-05-07 07:15:04.464
2020-05-07 07:15:04,991020,991020,2020-05-07 07:15:04.791
2020-05-07 07:15:05,991020,991020,2020-05-07 07:15:05.046
2020-05-07 07:15:05,990892,991020,2020-05-07 07:15:05.411
2020-05-07 07:15:05,990892,990959,2020-05-07 07:15:05.707
2020-05-07 07:15:06,990892,990959,2020-05-07 07:15:06.212
2020-05-07 07:15:06,990892,990959,2020-05-07 07:15:06.898
2020-05-07 07:15:07,990892,990959,2020-05-07 07:15:07.382
2020-05-07 07:15:07,990892,990959,2020-05-07 07:15:07.761
2020-05-07 07:15:08,990892,990959,2020-05-07 07:15:08.342
2020-05-07 07:15:08,990892,990959,2020-05-07 07:15:08.597
2020-05-07 07:15:09,990780,990959,2020-05-07 07:15:09.036
2020-05-07 07:15:09,990705,990959,2020-05-07 07:15:09.309
2020-05-07 07:15:09,990603,990959,2020-05-07 07:15:09.585
2020-05-07 07:15:09,990595,990795,2020-05-07 07:15:09.884
2020-05-07 07:15:10,990423,990624,2020-05-07 07:15:10.154
2020-05-07 07:15:10,990423,990624,2020-05-07 07:15:10.424
2020-05-07 07:15:10,990423,990624,2020-05-07 07:15:10.729
2020-05-07 07:15:11,990423,990603,2020-05-07 07:15:11.066
2020-05-07 07:15:11,990458,990603,2020-05-07 07:15:11.345
2020-05-07 07:15:11,990458,990603,2020-05-07 07:15:11.723
2020-05-07 07:15:12,990458,990603,2020-05-07 07:15:12.026
2020-05-07 07:15:12,990458,990565,2020-05-07 07:15:12.293
2020-05-07 07:15:12,990458,990565,2020-05-07 07:15:12.589
2020-05-07 07:15:12,990458,990565,2020-05-07 07:15:12.887
2020-05-07 07:15:13,990423,990433,2020-05-07 07:15:13.156
2020-05-07 07:15:13,990423,990433,2020-05-07 07:15:13.529
2020-05-07 07:15:13,990423,990433,2020-05-07 07:15:13.808
2020-05-07 07:15:14,990453,990453,2020-05-07 07:15:14.286
2020-05-07 07:15:14,990453,990453,2020-05-07 07:15:14.723
2020-05-07 07:15:14,990453,990453,2020-05-07 07:15:14.980
2020-05-07 07:15:15,990548,990710,2020-05-07 07:15:15.237
2020-05-07 07:15:15,990565,990648,2020-05-07 07:15:15.567
2020-05-07 07:15:15,990565,990648,2020-05-07 07:15:15.843
2020-05-07 07:15:16,990548,990562,2020-05-07 07:15:16.102
2020-05-07 07:15:16,990548,990562,2020-05-07 07:15:16.545
2020-05-07 07:15:17,990548,990562,2020-05-07 07:15:17.098
2020-05-07 07:15:17,990548,990562,2020-05-07 07:15:17.402
2020-05-07 07:15:17,990548,990562,2020-05-07 07:15:17.681
2020-05-07 07:15:18,990548,990542,2020-05-07 07:15:18.132
2020-05-07 07:15:19,990548,990542,2020-05-07 07:15:19.067
2020-05-07 07:15:19,990548,990715,2020-05-07 07:15:19.350
2020-05-07 07:15:19,990548,990729,2020-05-07 07:15:19.624
2020-05-07 07:15:19,990548,990729,2020-05-07 07:15:19.925
2020-05-07 07:15:20,990548,990539,2020-05-07 07:15:20.232
2020-05-07 07:15:20,990548,990539,2020-05-07 07:15:20.502
2020-05-07 07:15:20,990548,990539,2020-05-07 07:15:20.768
2020-05-07 07:15:21,990548,990539,2020-05-07 07:15:21.085
2020-05-07 07:15:21,990548,990539,2020-05-07 07:15:21.358
2020-05-07 07:15:21,990548,990539,2020-05-07 07:15:21.661
2020-05-07 07:15:21,990548,990539,2020-05-07 07:15:21.943
2020-05-07 07:15:22,990548,990536,2020-05-07 07:15:22.235
2020-05-07 07:15:22,990548,990539,2020-05-07 07:15:22.488
2020-05-07 07:15:22,990548,990539,2020-05-07 07:15:22.804
2020-05-07 07:15:23,990548,990539,2020-05-07 07:15:23.085
2020-05-07 07:15:23,990400,990539,2020-05-07 07:15:23.360
2020-05-07 07:15:23,990400,990539,2020-05-07 07:15:23.665
2020-05-07 07:15:23,990400,990539,2020-05-07 07:15:23.921
2020-05-07 07:15:24,990400,990539,2020-05-07 07:15:24.183
2020-05-07 07:15:24,990400,990539,2020-05-07 07:15:24.466
2020-05-07 07:15:24,990400,990539,2020-05-07 07:15:24.777
2020-05-07 07:15:25,990400,990539,2020-05-07 07:15:25.074
2020-05-07 07:15:25,990113,990539,2020-05-07 07:15:25.354
2020-05-07 07:15:25,990113,990539,2020-05-07 07:15:25.623
2020-05-07 07:15:25,990113,990539,2020-05-07 07:15:25.906
2020-05-07 07:15:26,990150,990539,2020-05-07 07:15:26.198
2020-05-07 07:15:26,990484,990479,2020-05-07 07:15:26.461
2020-05-07 07:15:26,990484,990479,2020-05-07 07:15:26.747
2020-05-07 07:15:27,990484,990479,2020-05-07 07:15:27.005
2020-05-07 07:15:27,990484,990479,2020-05-07 07:15:27.547
2020-05-07 07:15:27,990484,990479,2020-05-07 07:15:27.821
2020-05-07 07:15:28,990484,990479,2020-05-07 07:15:28.106
2020-05-07 07:15:28,990484,990479,2020-05-07 07:15:28.834
2020-05-07 07:15:29,990484,990479,2020-05-07 07:15:29.090
2020-05-07 07:15:29,990484,990479,2020-05-07 07:15:29.366
2020-05-07 07:15:30,990484,990479,2020-05-07 07:15:30.412
2020-05-07 07:15:30,990484,990479,2020-05-07 07:15:30.833
2020-05-07 07:15:31,990484,990479,2020-05-07 07:15:31.106
2020-05-07 07:15:31,990509,990539,2020-05-07 07:15:31.403
2020-05-07 07:15:31,990509,990445,2020-05-07 07:15:31.679
2020-05-07 07:15:31,990509,990445,2020-05-07 07:15:31.940
2020-05-07 07:15:32,990509,990445,2020-05-07 07:15:32.211
2020-05-07 07:15:32,990509,990242,2020-05-07 07:15:32.617
2020-05-07 07:15:32,990509,990242,2020-05-07 07:15:32.894
2020-05-07 07:15:33,990509,990242,2020-05-07 07:15:33.219
2020-05-07 07:15:33,990509,990242,2020-05-07 07:15:33.480
2020-05-07 07:15:33,990509,990408,2020-05-07 07:15:33.750
2020-05-07 07:15:34,990509,990242,2020-05-07 07:15:34.028
2020-05-07 07:15:34,990509,990242,2020-05-07 07:15:34.294
2020-05-07 07:15:34,990509,990242,2020-05-07 07:15:34.596
2020-05-07 07:15:34,990509,990242,2020-05-07 07:15:34.861
2020-05-07 07:15:35,990509,990242,2020-05-07 07:15:35.177
2020-05-07 07:15:35,990509,990242,2020-05-07 07:15:35.486
2020-05-07 07:15:35,990509,990242,2020-05-07 07:15:35.824
2020-05-07 07:15:36,990509,990242,2020-05-07 07:15:36.313
2020-05-07 07:15:36,990509,990242,2020-05-07 07:15:36.602
2020-05-07 07:15:36,990509,990242,2020-05-07 07:15:36.885
2020-05-07 07:15:37,990509,990242,2020-05-07 07:15:37.142
2020-05-07 07:15:37,990509,990242,2020-05-07 07:15:37.435
2020-05-07 07:15:37,990509,990242,2020-05-07 07:15:37.718
2020-05-07 07:15:38,990509,990242,2020-05-07 07:15:38.400
2020-05-07 07:15:38,990096,990096,2020-05-07 07:15:38.666
2020-05-07 07:15:38,990096,990096,2020-05-07 07:15:38.927
2020-05-07 07:15:39,990096,990096,2020-05-07 07:15:39.190
2020-05-07 07:15:39,990096,990096,2020-05-07 07:15:39.899
2020-05-07 07:15:40,990096,990096,2020-05-07 07:15:40.297
2020-05-07 07:15:40,990096,990096,2020-05-07 07:15:40.607
2020-05-07 07:15:40,990096,990096,2020-05-07 07:15:40.940
2020-05-07 07:15:41,990096,990096,2020-05-07 07:15:41.223
2020-05-07 07:15:41,990096,990096,2020-05-07 07:15:41.514
2020-05-07 07:15:41,990096,990096,2020-05-07 07:15:41.819
2020-05-07 07:15:42,990096,990096,2020-05-07 07:15:42.102
2020-05-07 07:15:42,989963,990096,2020-05-07 07:15:42.408
2020-05-07 07:15:42,989963,990096,2020-05-07 07:15:42.761
2020-05-07 07:15:43,989963,990096,2020-05-07 07:15:43.074
2020-05-07 07:15:43,989963,990096,2020-05-07 07:15:43.574
2020-05-07 07:15:43,989963,990096,2020-05-07 07:15:43.853
2020-05-07 07:15:44,989963,990096,2020-05-07 07:15:44.125
2020-05-07 07:15:44,989963,990096,2020-05-07 07:15:44.593
2020-05-07 07:15:44,989963,990096,2020-05-07 07:15:44.881
2020-05-07 07:15:45,989963,990096,2020-05-07 07:15:45.186
2020-05-07 07:15:45,989963,990096,2020-05-07 07:15:45.682
2020-05-07 07:15:45,989963,990096,2020-05-07 07:15:45.991
2020-05-07 07:15:46,989963,990096,2020-05-07 07:15:46.250
2020-05-07 07:15:46,989963,990096,2020-05-07 07:15:46.572
2020-05-07 07:15:47,989966,990096,2020-05-07 07:15:46.835
2020-05-07 07:15:47,989966,990096,2020-05-07 07:15:47.635
2020-05-07 07:15:47,989980,990096,2020-05-07 07:15:47.925
2020-05-07 07:15:48,989983,990096,2020-05-07 07:15:48.200
2020-05-07 07:15:48,989983,990096,2020-05-07 07:15:48.476
2020-05-07 07:15:48,989983,990096,2020-05-07 07:15:48.762
2020-05-07 07:15:49,989983,990096,2020-05-07 07:15:49.251
2020-05-07 07:15:49,989983,990096,2020-05-07 07:15:49.518
2020-05-07 07:15:49,989983,990096,2020-05-07 07:15:49.843
2020-05-07 07:15:50,989983,990096,2020-05-07 07:15:50.545
2020-05-07 07:15:51,989983,990096,2020-05-07 07:15:51.465
2020-05-07 07:15:51,989983,990096,2020-05-07 07:15:51.736
2020-05-07 07:15:52,989983,990096,2020-05-07 07:15:52.515
2020-05-07 07:15:52,989983,990096,2020-05-07 07:15:52.778
2020-05-07 07:15:53,989983,990096,2020-05-07 07:15:53.039
2020-05-07 07:15:53,989983,990096,2020-05-07 07:15:53.319
2020-05-07 07:15:53,989983,990096,2020-05-07 07:15:53.716
2020-05-07 07:15:53,989983,990096,2020-05-07 07:15:53.976
2020-05-07 07:15:54,989983,990096,2020-05-07 07:15:54.399
2020-05-07 07:15:54,989983,990096,2020-05-07 07:15:54.745
2020-05-07 07:15:55,989983,990096,2020-05-07 07:15:55.213
2020-05-07 07:15:55,989983,990096,2020-05-07 07:15:55.581
2020-05-07 07:15:55,990001,990096,2020-05-07 07:15:55.858
2020-05-07 07:15:56,990004,990096,2020-05-07 07:15:56.425
2020-05-07 07:15:56,990004,990096,2020-05-07 07:15:56.681
