timestamp,bid,ask,tick_timestamp
2020-05-05 08:13:36,951742,952203,2020-05-05 08:13:36.024
2020-05-05 08:13:36,951742,952203,2020-05-05 08:13:36.332
2020-05-05 08:13:36,951748,952197,2020-05-05 08:13:36.614
2020-05-05 08:13:36,951748,952197,2020-05-05 08:13:36.929
2020-05-05 08:13:37,951769,952197,2020-05-05 08:13:37.211
2020-05-05 08:13:37,951883,952197,2020-05-05 08:13:37.484
2020-05-05 08:13:37,951883,952197,2020-05-05 08:13:37.756
2020-05-05 08:13:38,951884,952197,2020-05-05 08:13:38.065
2020-05-05 08:13:38,951884,952197,2020-05-05 08:13:38.363
2020-05-05 08:13:38,951885,952197,2020-05-05 08:13:38.620
2020-05-05 08:13:38,951885,952197,2020-05-05 08:13:38.964
2020-05-05 08:13:39,951892,952286,2020-05-05 08:13:39.309
2020-05-05 08:13:39,951938,952286,2020-05-05 08:13:39.651
2020-05-05 08:13:39,951939,952286,2020-05-05 08:13:39.914
2020-05-05 08:13:40,951939,952286,2020-05-05 08:13:40.194
2020-05-05 08:13:40,951940,952286,2020-05-05 08:13:40.508
2020-05-05 08:13:40,951960,952286,2020-05-05 08:13:40.791
2020-05-05 08:13:41,951960,952286,2020-05-05 08:13:41.072
2020-05-05 08:13:41,951960,952289,2020-05-05 08:13:41.362
2020-05-05 08:13:41,951961,952383,2020-05-05 08:13:41.673
2020-05-05 08:13:41,951966,952383,2020-05-05 08:13:41.967
2020-05-05 08:13:42,951966,952383,2020-05-05 08:13:42.246
2020-05-05 08:13:42,951967,952383,2020-05-05 08:13:42.509
2020-05-05 08:13:42,951968,952383,2020-05-05 08:13:42.789
2020-05-05 08:13:43,951968,952383,2020-05-05 08:13:43.065
2020-05-05 08:13:43,951968,952383,2020-05-05 08:13:43.346
2020-05-05 08:13:43,951969,952383,2020-05-05 08:13:43.673
2020-05-05 08:13:43,952049,952385,2020-05-05 08:13:43.960
2020-05-05 08:13:44,952049,952379,2020-05-05 08:13:44.298
2020-05-05 08:13:44,952050,952425,2020-05-05 08:13:44.724
2020-05-05 08:13:44,952050,952424,2020-05-05 08:13:44.994
2020-05-05 08:13:45,952050,952424,2020-05-05 08:13:45.299
2020-05-05 08:13:45,952050,952424,2020-05-05 08:13:45.583
2020-05-05 08:13:45,952071,952419,2020-05-05 08:13:45.961
2020-05-05 08:13:46,952071,952419,2020-05-05 08:13:46.279
2020-05-05 08:13:46,952071,952423,2020-05-05 08:13:46.546
2020-05-05 08:13:46,952071,952424,2020-05-05 08:13:46.848
2020-05-05 08:13:47,952071,952424,2020-05-05 08:13:47.134
2020-05-05 08:13:47,952071,952426,2020-05-05 08:13:47.423
2020-05-05 08:13:47,951984,952426,2020-05-05 08:13:47.946
2020-05-05 08:13:48,952072,952426,2020-05-05 08:13:48.264
2020-05-05 08:13:48,952072,952426,2020-05-05 08:13:48.652
2020-05-05 08:13:49,952074,952425,2020-05-05 08:13:49.093
2020-05-05 08:13:49,952072,952420,2020-05-05 08:13:49.401
2020-05-05 08:13:49,952072,952420,2020-05-05 08:13:49.698
2020-05-05 08:13:49,952072,952419,2020-05-05 08:13:49.969
2020-05-05 08:13:50,952072,952419,2020-05-05 08:13:50.267
2020-05-05 08:13:50,952072,952415,2020-05-05 08:13:50.563
2020-05-05 08:13:50,951890,952415,2020-05-05 08:13:50.896
2020-05-05 08:13:51,951909,952413,2020-05-05 08:13:51.179
2020-05-05 08:13:51,951909,952413,2020-05-05 08:13:51.451
2020-05-05 08:13:51,951930,952412,2020-05-05 08:13:51.828
2020-05-05 08:13:52,951930,952407,2020-05-05 08:13:52.205
2020-05-05 08:13:52,951930,952407,2020-05-05 08:13:52.488
2020-05-05 08:13:52,951931,952406,2020-05-05 08:13:52.753
2020-05-05 08:13:53,951936,952401,2020-05-05 08:13:53.016
2020-05-05 08:13:53,951936,952401,2020-05-05 08:13:53.383
2020-05-05 08:13:53,951936,952400,2020-05-05 08:13:53.655
2020-05-05 08:13:53,951936,952400,2020-05-05 08:13:53.929
2020-05-05 08:13:54,951936,952400,2020-05-05 08:13:54.218
2020-05-05 08:13:54,951936,952400,2020-05-05 08:13:54.500
2020-05-05 08:13:54,951936,952392,2020-05-05 08:13:54.758
2020-05-05 08:13:55,951936,952392,2020-05-05 08:13:55.028
2020-05-05 08:13:55,951936,952392,2020-05-05 08:13:55.450
2020-05-05 08:13:55,951788,952390,2020-05-05 08:13:55.713
2020-05-05 08:13:55,951788,952390,2020-05-05 08:13:55.974
2020-05-05 08:13:56,951788,952390,2020-05-05 08:13:56.347
2020-05-05 08:13:56,951788,952390,2020-05-05 08:13:56.651
2020-05-05 08:13:56,951918,952384,2020-05-05 08:13:56.944
2020-05-05 08:13:57,951919,952378,2020-05-05 08:13:57.231
2020-05-05 08:13:57,951920,952376,2020-05-05 08:13:57.529
2020-05-05 08:13:57,951920,952376,2020-05-05 08:13:57.799
2020-05-05 08:13:58,951920,952373,2020-05-05 08:13:58.066
2020-05-05 08:13:58,951920,952373,2020-05-05 08:13:58.384
2020-05-05 08:13:58,951921,952370,2020-05-05 08:13:58.651
2020-05-05 08:13:59,951827,952370,2020-05-05 08:13:58.953
2020-05-05 08:13:59,951827,952369,2020-05-05 08:13:59.656
2020-05-05 08:13:59,951923,952364,2020-05-05 08:13:59.961
2020-05-05 08:14:00,951827,952361,2020-05-05 08:14:00.229
2020-05-05 08:14:00,951924,952361,2020-05-05 08:14:00.526
2020-05-05 08:14:00,951826,952359,2020-05-05 08:14:00.836
2020-05-05 08:14:01,951925,952354,2020-05-05 08:14:01.153
2020-05-05 08:14:01,951827,952354,2020-05-05 08:14:01.461
2020-05-05 08:14:02,951827,952354,2020-05-05 08:14:02.060
2020-05-05 08:14:02,951828,952353,2020-05-05 08:14:02.321
2020-05-05 08:14:02,951660,952351,2020-05-05 08:14:02.588
2020-05-05 08:14:02,951829,952351,2020-05-05 08:14:02.849
2020-05-05 08:14:03,951928,952345,2020-05-05 08:14:03.245
2020-05-05 08:14:03,951830,952342,2020-05-05 08:14:03.522
2020-05-05 08:14:03,951609,952339,2020-05-05 08:14:03.810
2020-05-05 08:14:04,951645,952337,2020-05-05 08:14:04.082
2020-05-05 08:14:04,951645,952337,2020-05-05 08:14:04.341
2020-05-05 08:14:04,951646,952335,2020-05-05 08:14:04.683
2020-05-05 08:14:05,951646,952333,2020-05-05 08:14:05.516
2020-05-05 08:14:05,951651,952330,2020-05-05 08:14:05.773
2020-05-05 08:14:06,951654,952325,2020-05-05 08:14:06.082
2020-05-05 08:14:06,951654,952324,2020-05-05 08:14:06.362
2020-05-05 08:14:06,951660,952322,2020-05-05 08:14:06.624
2020-05-05 08:14:06,951660,952319,2020-05-05 08:14:06.906
2020-05-05 08:14:07,951661,952318,2020-05-05 08:14:07.167
2020-05-05 08:14:07,951800,952318,2020-05-05 08:14:07.434
2020-05-05 08:14:07,951821,952316,2020-05-05 08:14:07.786
2020-05-05 08:14:08,951821,952316,2020-05-05 08:14:08.038
2020-05-05 08:14:08,951821,952316,2020-05-05 08:14:08.324
2020-05-05 08:14:08,951823,952319,2020-05-05 08:14:08.579
2020-05-05 08:14:08,951823,952315,2020-05-05 08:14:08.869
2020-05-05 08:14:09,951934,952315,2020-05-05 08:14:09.182
2020-05-05 08:14:09,951934,952313,2020-05-05 08:14:09.597
2020-05-05 08:14:09,951935,952313,2020-05-05 08:14:09.945
2020-05-05 08:14:10,951935,952313,2020-05-05 08:14:10.203
2020-05-05 08:14:10,951935,952313,2020-05-05 08:14:10.563
2020-05-05 08:14:10,951935,952310,2020-05-05 08:14:10.831
2020-05-05 08:14:11,951935,952310,2020-05-05 08:14:11.122
2020-05-05 08:14:11,951829,952305,2020-05-05 08:14:11.396
2020-05-05 08:14:11,951829,952305,2020-05-05 08:14:11.706
2020-05-05 08:14:12,951829,952304,2020-05-05 08:14:12.094
2020-05-05 08:14:12,951829,952304,2020-05-05 08:14:12.693
2020-05-05 08:14:13,951829,952304,2020-05-05 08:14:13.081
2020-05-05 08:14:13,951829,952298,2020-05-05 08:14:13.378
2020-05-05 08:14:13,951829,952298,2020-05-05 08:14:13.650
2020-05-05 08:14:13,951829,952302,2020-05-05 08:14:13.937
2020-05-05 08:14:14,951829,952303,2020-05-05 08:14:14.622
2020-05-05 08:14:14,951835,952296,2020-05-05 08:14:14.924
2020-05-05 08:14:15,951835,952296,2020-05-05 08:14:15.203
2020-05-05 08:14:15,951835,952295,2020-05-05 08:14:15.467
2020-05-05 08:14:15,951835,952294,2020-05-05 08:14:15.732
2020-05-05 08:14:16,951835,952290,2020-05-05 08:14:16.043
2020-05-05 08:14:16,951835,952290,2020-05-05 08:14:16.594
2020-05-05 08:14:16,951858,952288,2020-05-05 08:14:16.935
2020-05-05 08:14:17,951858,952282,2020-05-05 08:14:17.216
2020-05-05 08:14:17,951858,952282,2020-05-05 08:14:17.510
2020-05-05 08:14:17,951858,952282,2020-05-05 08:14:17.822
2020-05-05 08:14:18,951858,952282,2020-05-05 08:14:18.092
2020-05-05 08:14:18,951858,952281,2020-05-05 08:14:18.348
2020-05-05 08:14:18,951858,952281,2020-05-05 08:14:18.718
2020-05-05 08:14:19,951858,952281,2020-05-05 08:14:18.997
2020-05-05 08:14:19,951858,952277,2020-05-05 08:14:19.279
2020-05-05 08:14:19,951858,952277,2020-05-05 08:14:19.556
2020-05-05 08:14:19,951858,952282,2020-05-05 08:14:19.823
2020-05-05 08:14:20,951858,952321,2020-05-05 08:14:20.165
2020-05-05 08:14:20,951858,952321,2020-05-05 08:14:20.566
2020-05-05 08:14:20,951858,952321,2020-05-05 08:14:20.850
2020-05-05 08:14:21,951858,952321,2020-05-05 08:14:21.122
2020-05-05 08:14:21,951858,952319,2020-05-05 08:14:21.489
2020-05-05 08:14:21,951858,952319,2020-05-05 08:14:21.777
2020-05-05 08:14:22,951858,952316,2020-05-05 08:14:22.057
2020-05-05 08:14:22,951803,952316,2020-05-05 08:14:22.370
2020-05-05 08:14:22,951797,952316,2020-05-05 08:14:22.653
2020-05-05 08:14:22,951811,952316,2020-05-05 08:14:22.961
2020-05-05 08:14:23,951811,952316,2020-05-05 08:14:23.284
2020-05-05 08:14:23,951811,952315,2020-05-05 08:14:23.550
2020-05-05 08:14:23,951811,952314,2020-05-05 08:14:23.863
2020-05-05 08:14:24,951832,952314,2020-05-05 08:14:24.136
2020-05-05 08:14:24,951832,952314,2020-05-05 08:14:24.509
2020-05-05 08:14:24,951832,952315,2020-05-05 08:14:24.771
2020-05-05 08:14:25,951832,952356,2020-05-05 08:14:25.042
2020-05-05 08:14:25,951832,952356,2020-05-05 08:14:25.353
2020-05-05 08:14:25,951832,952356,2020-05-05 08:14:25.893
2020-05-05 08:14:26,951930,952351,2020-05-05 08:14:26.172
2020-05-05 08:14:26,951931,952345,2020-05-05 08:14:26.747
2020-05-05 08:14:27,951931,952345,2020-05-05 08:14:27.028
2020-05-05 08:14:28,951838,952343,2020-05-05 08:14:28.082
2020-05-05 08:14:28,951838,952343,2020-05-05 08:14:28.339
2020-05-05 08:14:28,951844,952340,2020-05-05 08:14:28.611
2020-05-05 08:14:28,951844,952340,2020-05-05 08:14:28.881
2020-05-05 08:14:29,951844,952340,2020-05-05 08:14:29.178
2020-05-05 08:14:29,951844,952340,2020-05-05 08:14:29.437
2020-05-05 08:14:29,951844,952340,2020-05-05 08:14:29.744
2020-05-05 08:14:30,951927,952336,2020-05-05 08:14:30.004
2020-05-05 08:14:30,951928,952336,2020-05-05 08:14:30.322
2020-05-05 08:14:30,951928,952336,2020-05-05 08:14:30.609
2020-05-05 08:14:30,951928,952336,2020-05-05 08:14:30.889
2020-05-05 08:14:31,951934,952386,2020-05-05 08:14:31.161
2020-05-05 08:14:31,951934,952386,2020-05-05 08:14:31.466
2020-05-05 08:14:31,951934,952381,2020-05-05 08:14:31.983
2020-05-05 08:14:32,951934,952381,2020-05-05 08:14:32.263
2020-05-05 08:14:32,951934,952379,2020-05-05 08:14:32.558
2020-05-05 08:14:32,951934,952373,2020-05-05 08:14:32.852
2020-05-05 08:14:33,951935,952373,2020-05-05 08:14:33.127
2020-05-05 08:14:33,951935,952373,2020-05-05 08:14:33.419
2020-05-05 08:14:33,951941,952373,2020-05-05 08:14:33.713
2020-05-05 08:14:34,951941,952373,2020-05-05 08:14:34.001
2020-05-05 08:14:34,951941,952373,2020-05-05 08:14:34.350
2020-05-05 08:14:34,951962,952373,2020-05-05 08:14:34.664
2020-05-05 08:14:34,951963,952373,2020-05-05 08:14:34.937
2020-05-05 08:14:35,951964,952373,2020-05-05 08:14:35.217
2020-05-05 08:14:35,951965,952374,2020-05-05 08:14:35.589
2020-05-05 08:14:35,951964,952374,2020-05-05 08:14:35.856
2020-05-05 08:14:36,951972,952379,2020-05-05 08:14:36.140
2020-05-05 08:14:36,951972,952420,2020-05-05 08:14:36.415
2020-05-05 08:14:36,951973,952420,2020-05-05 08:14:36.712
2020-05-05 08:14:37,951974,952420,2020-05-05 08:14:37.033
2020-05-05 08:14:37,951974,952420,2020-05-05 08:14:37.317
2020-05-05 08:14:37,951975,952420,2020-05-05 08:14:37.590
2020-05-05 08:14:37,951975,952420,2020-05-05 08:14:37.908
2020-05-05 08:14:38,951996,952420,2020-05-05 08:14:38.391
2020-05-05 08:14:38,951997,952418,2020-05-05 08:14:38.655
2020-05-05 08:14:38,951997,952418,2020-05-05 08:14:38.992
2020-05-05 08:14:39,952003,952417,2020-05-05 08:14:39.265
2020-05-05 08:14:39,952003,952416,2020-05-05 08:14:39.731
2020-05-05 08:14:40,952003,952412,2020-05-05 08:14:40.362
2020-05-05 08:14:40,952003,952411,2020-05-05 08:14:40.631
2020-05-05 08:14:40,952004,952410,2020-05-05 08:14:40.937
2020-05-05 08:14:41,952005,952411,2020-05-05 08:14:41.214
2020-05-05 08:14:41,952005,952411,2020-05-05 08:14:41.480
2020-05-05 08:14:41,952011,952406,2020-05-05 08:14:41.869
2020-05-05 08:14:42,952011,952406,2020-05-05 08:14:42.211
2020-05-05 08:14:42,952012,952406,2020-05-05 08:14:42.484
2020-05-05 08:14:42,952012,952425,2020-05-05 08:14:42.744
2020-05-05 08:14:43,952013,952425,2020-05-05 08:14:43.037
2020-05-05 08:14:43,952014,952424,2020-05-05 08:14:43.314
2020-05-05 08:14:43,952021,952424,2020-05-05 08:14:43.573
2020-05-05 08:14:43,952021,952424,2020-05-05 08:14:43.957
2020-05-05 08:14:44,952021,952424,2020-05-05 08:14:44.241
2020-05-05 08:14:44,952022,952423,2020-05-05 08:14:44.591
2020-05-05 08:14:44,952027,952418,2020-05-05 08:14:44.901
2020-05-05 08:14:45,952027,952418,2020-05-05 08:14:45.157
2020-05-05 08:14:45,952028,952423,2020-05-05 08:14:45.433
2020-05-05 08:14:45,952028,952418,2020-05-05 08:14:45.872
2020-05-05 08:14:46,952030,952426,2020-05-05 08:14:46.145
2020-05-05 08:14:46,952030,952426,2020-05-05 08:14:46.419
2020-05-05 08:14:46,952035,952426,2020-05-05 08:14:46.810
2020-05-05 08:14:47,952035,952426,2020-05-05 08:14:47.393
2020-05-05 08:14:47,952042,952425,2020-05-05 08:14:47.670
2020-05-05 08:14:48,952042,952425,2020-05-05 08:14:48.136
2020-05-05 08:14:48,952044,952423,2020-05-05 08:14:48.401
2020-05-05 08:14:48,952044,952424,2020-05-05 08:14:48.698
2020-05-05 08:14:49,952044,952424,2020-05-05 08:14:49.071
2020-05-05 08:14:49,952045,952418,2020-05-05 08:14:49.516
2020-05-05 08:14:49,952053,952418,2020-05-05 08:14:49.784
2020-05-05 08:14:50,952053,952424,2020-05-05 08:14:50.273
2020-05-05 08:14:50,952054,952412,2020-05-05 08:14:50.568
2020-05-05 08:14:50,952054,952411,2020-05-05 08:14:50.828
2020-05-05 08:14:51,952055,952411,2020-05-05 08:14:51.126
2020-05-05 08:14:51,952055,952424,2020-05-05 08:14:51.412
2020-05-05 08:14:51,952056,952423,2020-05-05 08:14:51.694
2020-05-05 08:14:52,952057,952424,2020-05-05 08:14:52.066
2020-05-05 08:14:52,952057,952419,2020-05-05 08:14:52.386
2020-05-05 08:14:52,952058,952419,2020-05-05 08:14:52.652
2020-05-05 08:14:52,952063,952419,2020-05-05 08:14:52.981
2020-05-05 08:14:53,952063,952418,2020-05-05 08:14:53.354
2020-05-05 08:14:53,952064,952418,2020-05-05 08:14:53.709
2020-05-05 08:14:54,952064,952418,2020-05-05 08:14:54.051
2020-05-05 08:14:54,952064,952417,2020-05-05 08:14:54.333
2020-05-05 08:14:54,952064,952417,2020-05-05 08:14:54.715
2020-05-05 08:14:54,952064,952412,2020-05-05 08:14:54.988
2020-05-05 08:14:55,952065,952412,2020-05-05 08:14:55.282
2020-05-05 08:14:55,952065,952412,2020-05-05 08:14:55.619
2020-05-05 08:14:55,952066,952426,2020-05-05 08:14:55.882
2020-05-05 08:14:56,952066,952425,2020-05-05 08:14:56.156
2020-05-05 08:14:56,952066,952425,2020-05-05 08:14:56.718
2020-05-05 08:14:56,952067,952420,2020-05-05 08:14:56.992
2020-05-05 08:14:57,952068,952419,2020-05-05 08:14:57.300
2020-05-05 08:14:57,952069,952419,2020-05-05 08:14:57.552
2020-05-05 08:14:57,952069,952419,2020-05-05 08:14:57.826
2020-05-05 08:14:58,952069,952414,2020-05-05 08:14:58.158
2020-05-05 08:14:58,952070,952413,2020-05-05 08:14:58.456
2020-05-05 08:14:58,952070,952413,2020-05-05 08:14:58.742
2020-05-05 08:14:59,952071,952408,2020-05-05 08:14:59.022
2020-05-05 08:14:59,952072,952408,2020-05-05 08:14:59.589
2020-05-05 08:14:59,952072,952407,2020-05-05 08:14:59.908
2020-05-05 08:15:00,952073,952402,2020-05-05 08:15:00.274
2020-05-05 08:15:00,952074,952402,2020-05-05 08:15:00.531
2020-05-05 08:15:00,952074,952401,2020-05-05 08:15:00.905
2020-05-05 08:15:01,952075,952401,2020-05-05 08:15:01.187
2020-05-05 08:15:01,952075,952401,2020-05-05 08:15:01.606
2020-05-05 08:15:01,952076,952426,2020-05-05 08:15:01.905
2020-05-05 08:15:02,952076,952400,2020-05-05 08:15:02.183
2020-05-05 08:15:02,952077,952426,2020-05-05 08:15:02.444
2020-05-05 08:15:02,952077,952399,2020-05-05 08:15:02.770
2020-05-05 08:15:03,952078,952394,2020-05-05 08:15:03.546
2020-05-05 08:15:03,952079,952393,2020-05-05 08:15:03.829
2020-05-05 08:15:04,952079,952393,2020-05-05 08:15:04.128
2020-05-05 08:15:04,952080,952388,2020-05-05 08:15:04.394
2020-05-05 08:15:04,952101,952388,2020-05-05 08:15:04.675
2020-05-05 08:15:04,952101,952387,2020-05-05 08:15:04.947
2020-05-05 08:15:05,952102,952387,2020-05-05 08:15:05.211
2020-05-05 08:15:05,952102,952382,2020-05-05 08:15:05.483
2020-05-05 08:15:05,952102,952381,2020-05-05 08:15:05.761
2020-05-05 08:15:06,952102,952381,2020-05-05 08:15:06.045
2020-05-05 08:15:06,952101,952381,2020-05-05 08:15:06.298
2020-05-05 08:15:06,951954,952376,2020-05-05 08:15:06.565
2020-05-05 08:15:06,951954,952376,2020-05-05 08:15:06.849
2020-05-05 08:15:07,951954,952375,2020-05-05 08:15:07.208
2020-05-05 08:15:07,951954,952375,2020-05-05 08:15:07.520
2020-05-05 08:15:07,951954,952370,2020-05-05 08:15:07.974
2020-05-05 08:15:08,951975,952369,2020-05-05 08:15:08.273
2020-05-05 08:15:08,951975,952369,2020-05-05 08:15:08.539
2020-05-05 08:15:08,951976,952369,2020-05-05 08:15:08.820
2020-05-05 08:15:09,951976,952364,2020-05-05 08:15:09.087
2020-05-05 08:15:09,951982,952364,2020-05-05 08:15:09.348
2020-05-05 08:15:09,951982,952364,2020-05-05 08:15:09.789
2020-05-05 08:15:10,951982,952363,2020-05-05 08:15:10.215
2020-05-05 08:15:10,951982,952358,2020-05-05 08:15:10.524
2020-05-05 08:15:10,951982,952358,2020-05-05 08:15:10.784
2020-05-05 08:15:11,951982,952358,2020-05-05 08:15:11.226
2020-05-05 08:15:11,951982,952357,2020-05-05 08:15:11.527
2020-05-05 08:15:11,951982,952352,2020-05-05 08:15:11.850
2020-05-05 08:15:12,952003,952352,2020-05-05 08:15:12.179
2020-05-05 08:15:12,952003,952424,2020-05-05 08:15:12.441
2020-05-05 08:15:12,952003,952424,2020-05-05 08:15:12.756
2020-05-05 08:15:13,952009,952429,2020-05-05 08:15:13.034
2020-05-05 08:15:13,952009,952429,2020-05-05 08:15:13.398
2020-05-05 08:15:13,952009,952429,2020-05-05 08:15:13.781
2020-05-05 08:15:14,952010,952428,2020-05-05 08:15:14.045
2020-05-05 08:15:14,952015,952428,2020-05-05 08:15:14.364
2020-05-05 08:15:14,952015,952428,2020-05-05 08:15:14.686
2020-05-05 08:15:15,952021,952428,2020-05-05 08:15:15.066
2020-05-05 08:15:15,952021,952428,2020-05-05 08:15:15.396
2020-05-05 08:15:15,952021,952428,2020-05-05 08:15:15.783
2020-05-05 08:15:16,952021,952428,2020-05-05 08:15:16.146
2020-05-05 08:15:16,952042,952428,2020-05-05 08:15:16.424
2020-05-05 08:15:16,952042,952428,2020-05-05 08:15:16.699
2020-05-05 08:15:16,952047,952428,2020-05-05 08:15:16.966
2020-05-05 08:15:17,952047,952428,2020-05-05 08:15:17.306
2020-05-05 08:15:17,952047,952428,2020-05-05 08:15:17.683
2020-05-05 08:15:17,952047,952428,2020-05-05 08:15:17.965
2020-05-05 08:15:18,952047,952428,2020-05-05 08:15:18.342
2020-05-05 08:15:18,952047,952428,2020-05-05 08:15:18.604
2020-05-05 08:15:18,952047,952428,2020-05-05 08:15:18.900
2020-05-05 08:15:19,952048,952428,2020-05-05 08:15:19.300
2020-05-05 08:15:19,952049,952428,2020-05-05 08:15:19.759
2020-05-05 08:15:20,952049,952428,2020-05-05 08:15:20.019
2020-05-05 08:15:20,951971,952428,2020-05-05 08:15:20.422
2020-05-05 08:15:20,952067,952428,2020-05-05 08:15:20.686
2020-05-05 08:15:21,952067,952428,2020-05-05 08:15:21.026
2020-05-05 08:15:21,952072,952428,2020-05-05 08:15:21.312
2020-05-05 08:15:21,952072,952428,2020-05-05 08:15:21.582
2020-05-05 08:15:21,952072,952428,2020-05-05 08:15:21.905
2020-05-05 08:15:22,952072,952431,2020-05-05 08:15:22.194
2020-05-05 08:15:22,952072,952431,2020-05-05 08:15:22.466
2020-05-05 08:15:22,952072,952431,2020-05-05 08:15:22.969
2020-05-05 08:15:23,952072,952431,2020-05-05 08:15:23.357
2020-05-05 08:15:23,952073,952431,2020-05-05 08:15:23.664
2020-05-05 08:15:23,952073,952431,2020-05-05 08:15:23.943
2020-05-05 08:15:24,951989,952431,2020-05-05 08:15:24.224
2020-05-05 08:15:24,951989,952431,2020-05-05 08:15:24.543
2020-05-05 08:15:24,952003,952431,2020-05-05 08:15:24.833
2020-05-05 08:15:25,952028,952431,2020-05-05 08:15:25.306
2020-05-05 08:15:25,952029,952431,2020-05-05 08:15:25.591
2020-05-05 08:15:25,952053,952431,2020-05-05 08:15:25.876
2020-05-05 08:15:26,952058,952431,2020-05-05 08:15:26.138
2020-05-05 08:15:26,952058,952431,2020-05-05 08:15:26.411
2020-05-05 08:15:26,952058,952431,2020-05-05 08:15:26.730
2020-05-05 08:15:27,952059,952431,2020-05-05 08:15:27.060
2020-05-05 08:15:27,952066,952431,2020-05-05 08:15:27.455
2020-05-05 08:15:27,952067,952431,2020-05-05 08:15:27.721
2020-05-05 08:15:28,952067,952431,2020-05-05 08:15:28.019
2020-05-05 08:15:28,952093,952431,2020-05-05 08:15:28.306
2020-05-05 08:15:28,952093,952431,2020-05-05 08:15:28.574
2020-05-05 08:15:28,952098,952431,2020-05-05 08:15:28.905
2020-05-05 08:15:29,952098,952431,2020-05-05 08:15:29.282
2020-05-05 08:15:29,952099,952431,2020-05-05 08:15:29.546
2020-05-05 08:15:29,952104,952431,2020-05-05 08:15:29.844
2020-05-05 08:15:30,952106,952431,2020-05-05 08:15:30.148
2020-05-05 08:15:30,952106,952431,2020-05-05 08:15:30.425
2020-05-05 08:15:30,952110,952431,2020-05-05 08:15:30.698
2020-05-05 08:15:31,952110,952431,2020-05-05 08:15:31.083
2020-05-05 08:15:31,952116,952431,2020-05-05 08:15:31.400
2020-05-05 08:15:31,952116,952431,2020-05-05 08:15:31.715
2020-05-05 08:15:31,952117,952431,2020-05-05 08:15:31.992
2020-05-05 08:15:32,952138,952431,2020-05-05 08:15:32.275
2020-05-05 08:15:32,952138,952431,2020-05-05 08:15:32.575
2020-05-05 08:15:32,952143,952431,2020-05-05 08:15:32.895
2020-05-05 08:15:33,952143,952431,2020-05-05 08:15:33.169
2020-05-05 08:15:33,952147,952431,2020-05-05 08:15:33.573
2020-05-05 08:15:34,952152,952431,2020-05-05 08:15:34.211
2020-05-05 08:15:34,952153,952431,2020-05-05 08:15:34.479
2020-05-05 08:15:34,952158,952431,2020-05-05 08:15:34.744
2020-05-05 08:15:35,952158,952431,2020-05-05 08:15:35.272
2020-05-05 08:15:35,952064,952431,2020-05-05 08:15:35.555
2020-05-05 08:15:35,952064,952431,2020-05-05 08:15:35.816
2020-05-05 08:15:36,952180,952431,2020-05-05 08:15:36.287
2020-05-05 08:15:36,952180,952431,2020-05-05 08:15:36.576
2020-05-05 08:15:36,952270,952431,2020-05-05 08:15:36.838
2020-05-05 08:15:37,952270,952431,2020-05-05 08:15:37.305
2020-05-05 08:15:37,952275,952431,2020-05-05 08:15:37.564
2020-05-05 08:15:37,952275,952431,2020-05-05 08:15:37.834
2020-05-05 08:15:38,952275,952431,2020-05-05 08:15:38.113
2020-05-05 08:15:38,952275,952431,2020-05-05 08:15:38.394
2020-05-05 08:15:38,952275,952431,2020-05-05 08:15:38.824
2020-05-05 08:15:39,952275,952431,2020-05-05 08:15:39.237
2020-05-05 08:15:39,952275,952431,2020-05-05 08:15:39.536
2020-05-05 08:15:39,952275,952431,2020-05-05 08:15:39.799
2020-05-05 08:15:40,952275,952431,2020-05-05 08:15:40.203
2020-05-05 08:15:40,952275,952431,2020-05-05 08:15:40.475
2020-05-05 08:15:40,952275,952431,2020-05-05 08:15:40.738
2020-05-05 08:15:41,952275,952431,2020-05-05 08:15:41.003
2020-05-05 08:15:41,952275,952431,2020-05-05 08:15:41.715
2020-05-05 08:15:42,952275,952431,2020-05-05 08:15:42.044
2020-05-05 08:15:42,952275,952431,2020-05-05 08:15:42.594
2020-05-05 08:15:42,952275,952431,2020-05-05 08:15:42.894
2020-05-05 08:15:43,952275,952431,2020-05-05 08:15:43.166
2020-05-05 08:15:43,952275,952431,2020-05-05 08:15:43.753
2020-05-05 08:15:44,952275,952431,2020-05-05 08:15:44.047
2020-05-05 08:15:44,952275,952431,2020-05-05 08:15:44.304
2020-05-05 08:15:44,952275,952430,2020-05-05 08:15:44.567
2020-05-05 08:15:44,952159,952260,2020-05-05 08:15:44.851
2020-05-05 08:15:45,952159,952255,2020-05-05 08:15:45.171
2020-05-05 08:15:45,952159,952255,2020-05-05 08:15:45.464
2020-05-05 08:15:45,952159,952255,2020-05-05 08:15:45.821
2020-05-05 08:15:46,952150,952254,2020-05-05 08:15:46.082
2020-05-05 08:15:46,951995,952050,2020-05-05 08:15:46.362
2020-05-05 08:15:46,951995,952151,2020-05-05 08:15:46.640
2020-05-05 08:15:46,951995,952151,2020-05-05 08:15:46.934
2020-05-05 08:15:47,951743,952045,2020-05-05 08:15:47.221
2020-05-05 08:15:47,951744,951995,2020-05-05 08:15:47.517
2020-05-05 08:15:47,952027,952151,2020-05-05 08:15:47.783
2020-05-05 08:15:48,952064,952151,2020-05-05 08:15:48.049
2020-05-05 08:15:48,951909,952027,2020-05-05 08:15:48.375
2020-05-05 08:15:48,951914,952150,2020-05-05 08:15:48.629
2020-05-05 08:15:48,951914,952145,2020-05-05 08:15:48.911
2020-05-05 08:15:49,951914,952145,2020-05-05 08:15:49.456
2020-05-05 08:15:49,951914,952145,2020-05-05 08:15:49.811
2020-05-05 08:15:50,951914,952144,2020-05-05 08:15:50.104
2020-05-05 08:15:50,951909,952144,2020-05-05 08:15:50.374
2020-05-05 08:15:50,951914,952143,2020-05-05 08:15:50.781
2020-05-05 08:15:51,951914,952235,2020-05-05 08:15:51.037
2020-05-05 08:15:51,951755,952234,2020-05-05 08:15:51.551
2020-05-05 08:15:51,951758,952229,2020-05-05 08:15:51.906
2020-05-05 08:15:52,951766,952225,2020-05-05 08:15:52.179
2020-05-05 08:15:52,951787,952224,2020-05-05 08:15:52.435
2020-05-05 08:15:52,951788,952229,2020-05-05 08:15:52.710
2020-05-05 08:15:52,951793,952218,2020-05-05 08:15:52.972
2020-05-05 08:15:53,951793,952218,2020-05-05 08:15:53.249
2020-05-05 08:15:53,951793,952218,2020-05-05 08:15:53.523
2020-05-05 08:15:53,951793,952219,2020-05-05 08:15:53.782
2020-05-05 08:15:54,951793,952254,2020-05-05 08:15:54.050
2020-05-05 08:15:54,952243,952259,2020-05-05 08:15:54.346
2020-05-05 08:15:54,951893,952259,2020-05-05 08:15:54.679
2020-05-05 08:15:54,951898,952243,2020-05-05 08:15:54.991
2020-05-05 08:15:55,951898,952243,2020-05-05 08:15:55.299
2020-05-05 08:15:55,951900,952243,2020-05-05 08:15:55.658
2020-05-05 08:15:55,951904,952243,2020-05-05 08:15:55.950
2020-05-05 08:15:56,951925,952243,2020-05-05 08:15:56.454
2020-05-05 08:15:56,951926,952243,2020-05-05 08:15:56.734
2020-05-05 08:15:57,951926,952243,2020-05-05 08:15:57.023
2020-05-05 08:15:57,951933,952243,2020-05-05 08:15:57.280
2020-05-05 08:15:57,951934,952243,2020-05-05 08:15:57.575
2020-05-05 08:15:57,951946,952243,2020-05-05 08:15:57.846
2020-05-05 08:15:58,951946,952243,2020-05-05 08:15:58.129
2020-05-05 08:15:58,951952,952259,2020-05-05 08:15:58.435
2020-05-05 08:15:58,951952,952259,2020-05-05 08:15:58.699
2020-05-05 08:15:58,951952,952259,2020-05-05 08:15:58.967
2020-05-05 08:15:59,951953,952259,2020-05-05 08:15:59.265
2020-05-05 08:15:59,951953,952259,2020-05-05 08:15:59.611
2020-05-05 08:15:59,951961,952259,2020-05-05 08:15:59.903
2020-05-05 08:16:00,951969,952259,2020-05-05 08:16:00.199
2020-05-05 08:16:00,951970,952259,2020-05-05 08:16:00.463
2020-05-05 08:16:00,951975,952259,2020-05-05 08:16:00.778
2020-05-05 08:16:01,951991,952259,2020-05-05 08:16:01.059
2020-05-05 08:16:01,951991,952259,2020-05-05 08:16:01.410
2020-05-05 08:16:01,951996,952374,2020-05-05 08:16:01.686
2020-05-05 08:16:02,951996,952374,2020-05-05 08:16:02.001
2020-05-05 08:16:02,951996,952375,2020-05-05 08:16:02.265
2020-05-05 08:16:02,952004,952374,2020-05-05 08:16:02.530
2020-05-05 08:16:02,952004,952374,2020-05-05 08:16:02.807
2020-05-05 08:16:03,952004,952375,2020-05-05 08:16:03.070
2020-05-05 08:16:03,952004,952374,2020-05-05 08:16:03.338
2020-05-05 08:16:03,952004,952374,2020-05-05 08:16:03.632
2020-05-05 08:16:03,952004,952374,2020-05-05 08:16:03.949
2020-05-05 08:16:04,952004,952374,2020-05-05 08:16:04.249
2020-05-05 08:16:04,952005,952373,2020-05-05 08:16:04.834
2020-05-05 08:16:05,952002,952371,2020-05-05 08:16:05.901
2020-05-05 08:16:06,951946,952370,2020-05-05 08:16:06.199
2020-05-05 08:16:06,951972,952368,2020-05-05 08:16:06.465
2020-05-05 08:16:06,951973,952369,2020-05-05 08:16:06.771
2020-05-05 08:16:07,951977,952369,2020-05-05 08:16:07.030
2020-05-05 08:16:07,951978,952373,2020-05-05 08:16:07.299
2020-05-05 08:16:07,951978,952373,2020-05-05 08:16:07.566
2020-05-05 08:16:07,951979,952373,2020-05-05 08:16:07.852
2020-05-05 08:16:08,951979,952373,2020-05-05 08:16:08.153
2020-05-05 08:16:08,951980,952373,2020-05-05 08:16:08.433
2020-05-05 08:16:08,951985,952372,2020-05-05 08:16:08.959
2020-05-05 08:16:09,951986,952372,2020-05-05 08:16:09.235
2020-05-05 08:16:09,951992,952371,2020-05-05 08:16:09.502
2020-05-05 08:16:09,951992,952370,2020-05-05 08:16:09.834
2020-05-05 08:16:10,951992,952370,2020-05-05 08:16:10.106
2020-05-05 08:16:10,951992,952370,2020-05-05 08:16:10.540
2020-05-05 08:16:10,951992,952369,2020-05-05 08:16:10.801
2020-05-05 08:16:11,951992,952368,2020-05-05 08:16:11.066
2020-05-05 08:16:11,951992,952368,2020-05-05 08:16:11.328
2020-05-05 08:16:11,951992,952367,2020-05-05 08:16:11.832
2020-05-05 08:16:12,951992,952367,2020-05-05 08:16:12.098
2020-05-05 08:16:12,951969,952371,2020-05-05 08:16:12.398
2020-05-05 08:16:12,951948,952366,2020-05-05 08:16:12.968
2020-05-05 08:16:13,951906,952365,2020-05-05 08:16:13.343
2020-05-05 08:16:13,951906,952364,2020-05-05 08:16:13.633
2020-05-05 08:16:13,951908,952364,2020-05-05 08:16:13.936
2020-05-05 08:16:14,951908,952364,2020-05-05 08:16:14.202
2020-05-05 08:16:14,951911,952362,2020-05-05 08:16:14.473
2020-05-05 08:16:14,951911,952362,2020-05-05 08:16:14.760
2020-05-05 08:16:15,951911,952362,2020-05-05 08:16:15.027
2020-05-05 08:16:15,951935,952361,2020-05-05 08:16:15.301
2020-05-05 08:16:15,951940,952360,2020-05-05 08:16:15.566
2020-05-05 08:16:15,951940,952360,2020-05-05 08:16:15.831
2020-05-05 08:16:16,951940,952360,2020-05-05 08:16:16.142
2020-05-05 08:16:16,951942,952358,2020-05-05 08:16:16.404
2020-05-05 08:16:16,951944,952357,2020-05-05 08:16:16.704
2020-05-05 08:16:16,951944,952357,2020-05-05 08:16:16.974
2020-05-05 08:16:17,951941,952356,2020-05-05 08:16:17.251
2020-05-05 08:16:17,951942,952356,2020-05-05 08:16:17.549
2020-05-05 08:16:17,951941,952355,2020-05-05 08:16:17.978
2020-05-05 08:16:18,951941,952350,2020-05-05 08:16:18.277
2020-05-05 08:16:18,951942,952349,2020-05-05 08:16:18.600
2020-05-05 08:16:18,951763,952350,2020-05-05 08:16:18.890
2020-05-05 08:16:19,951763,952350,2020-05-05 08:16:19.180
2020-05-05 08:16:19,951944,952345,2020-05-05 08:16:19.450
2020-05-05 08:16:19,951766,952345,2020-05-05 08:16:19.716
2020-05-05 08:16:19,951767,952344,2020-05-05 08:16:19.987
2020-05-05 08:16:20,951789,952343,2020-05-05 08:16:20.663
2020-05-05 08:16:20,951794,952341,2020-05-05 08:16:20.937
2020-05-05 08:16:21,951794,952341,2020-05-05 08:16:21.248
2020-05-05 08:16:21,951798,952340,2020-05-05 08:16:21.529
2020-05-05 08:16:21,951798,952340,2020-05-05 08:16:21.816
2020-05-05 08:16:22,951803,952339,2020-05-05 08:16:22.116
2020-05-05 08:16:22,951804,952338,2020-05-05 08:16:22.403
2020-05-05 08:16:22,951804,952338,2020-05-05 08:16:22.690
2020-05-05 08:16:22,951804,952338,2020-05-05 08:16:22.963
2020-05-05 08:16:23,951809,952200,2020-05-05 08:16:23.257
2020-05-05 08:16:23,951810,952200,2020-05-05 08:16:23.538
2020-05-05 08:16:23,951814,952199,2020-05-05 08:16:23.835
2020-05-05 08:16:24,951835,952200,2020-05-05 08:16:24.095
2020-05-05 08:16:24,951835,952200,2020-05-05 08:16:24.416
2020-05-05 08:16:24,951835,952200,2020-05-05 08:16:24.823
2020-05-05 08:16:25,951840,952200,2020-05-05 08:16:25.092
2020-05-05 08:16:25,951845,952199,2020-05-05 08:16:25.430
2020-05-05 08:16:25,951845,952199,2020-05-05 08:16:25.696
2020-05-05 08:16:25,951845,952199,2020-05-05 08:16:25.986
2020-05-05 08:16:26,951851,952199,2020-05-05 08:16:26.296
2020-05-05 08:16:26,951852,952199,2020-05-05 08:16:26.553
2020-05-05 08:16:26,951852,952199,2020-05-05 08:16:26.823
2020-05-05 08:16:27,951853,952199,2020-05-05 08:16:27.085
2020-05-05 08:16:27,951857,952199,2020-05-05 08:16:27.362
2020-05-05 08:16:27,951857,952199,2020-05-05 08:16:27.638
2020-05-05 08:16:27,951859,952200,2020-05-05 08:16:27.901
2020-05-05 08:16:28,951859,952200,2020-05-05 08:16:28.196
2020-05-05 08:16:28,951863,952200,2020-05-05 08:16:28.473
2020-05-05 08:16:28,951865,952200,2020-05-05 08:16:28.753
2020-05-05 08:16:29,951865,952200,2020-05-05 08:16:29.026
2020-05-05 08:16:29,951865,952200,2020-05-05 08:16:29.292
2020-05-05 08:16:29,951865,952200,2020-05-05 08:16:29.558
2020-05-05 08:16:29,951871,952200,2020-05-05 08:16:29.815
2020-05-05 08:16:30,951871,952200,2020-05-05 08:16:30.179
2020-05-05 08:16:30,951872,952200,2020-05-05 08:16:30.471
2020-05-05 08:16:30,951877,952199,2020-05-05 08:16:30.735
2020-05-05 08:16:31,951877,952199,2020-05-05 08:16:31.019
2020-05-05 08:16:31,951875,952199,2020-05-05 08:16:31.272
2020-05-05 08:16:31,951883,952199,2020-05-05 08:16:31.567
2020-05-05 08:16:31,951883,952199,2020-05-05 08:16:31.833
2020-05-05 08:16:32,951883,952199,2020-05-05 08:16:32.131
2020-05-05 08:16:32,951883,952199,2020-05-05 08:16:32.392
2020-05-05 08:16:32,951883,952199,2020-05-05 08:16:32.661
2020-05-05 08:16:32,951883,952199,2020-05-05 08:16:32.954
2020-05-05 08:16:33,951883,952199,2020-05-05 08:16:33.215
2020-05-05 08:16:33,951883,952199,2020-05-05 08:16:33.561
2020-05-05 08:16:33,951883,952199,2020-05-05 08:16:33.900
2020-05-05 08:16:34,951827,952199,2020-05-05 08:16:34.162
2020-05-05 08:16:34,951828,952199,2020-05-05 08:16:34.423
2020-05-05 08:16:34,951828,952199,2020-05-05 08:16:34.712
2020-05-05 08:16:35,951828,952199,2020-05-05 08:16:35.012
2020-05-05 08:16:35,951833,952199,2020-05-05 08:16:35.311
2020-05-05 08:16:35,951837,952199,2020-05-05 08:16:35.683
2020-05-05 08:16:35,951837,952199,2020-05-05 08:16:35.979
2020-05-05 08:16:36,951842,952199,2020-05-05 08:16:36.305
2020-05-05 08:16:36,951842,952199,2020-05-05 08:16:36.567
2020-05-05 08:16:36,951863,952199,2020-05-05 08:16:36.882
2020-05-05 08:16:37,951864,952199,2020-05-05 08:16:37.361
2020-05-05 08:16:37,951869,952199,2020-05-05 08:16:37.637
2020-05-05 08:16:37,951869,952199,2020-05-05 08:16:37.949
2020-05-05 08:16:38,951875,952199,2020-05-05 08:16:38.216
2020-05-05 08:16:38,951875,952199,2020-05-05 08:16:38.529
2020-05-05 08:16:38,951875,952199,2020-05-05 08:16:38.957
2020-05-05 08:16:39,951873,952199,2020-05-05 08:16:39.248
2020-05-05 08:16:39,951873,952199,2020-05-05 08:16:39.504
2020-05-05 08:16:39,951876,952199,2020-05-05 08:16:39.765
2020-05-05 08:16:40,951876,952199,2020-05-05 08:16:40.039
2020-05-05 08:16:40,951876,952199,2020-05-05 08:16:40.328
2020-05-05 08:16:40,951877,952199,2020-05-05 08:16:40.599
2020-05-05 08:16:41,951737,952199,2020-05-05 08:16:41.126
2020-05-05 08:16:41,951763,952199,2020-05-05 08:16:41.379
2020-05-05 08:16:41,951763,952199,2020-05-05 08:16:41.821
2020-05-05 08:16:42,951768,952199,2020-05-05 08:16:42.087
2020-05-05 08:16:42,951773,952199,2020-05-05 08:16:42.403
2020-05-05 08:16:42,951773,952199,2020-05-05 08:16:42.674
2020-05-05 08:16:42,951773,952199,2020-05-05 08:16:42.993
2020-05-05 08:16:43,951781,952198,2020-05-05 08:16:43.259
2020-05-05 08:16:43,951781,952200,2020-05-05 08:16:43.563
2020-05-05 08:16:44,951781,952200,2020-05-05 08:16:44.118
2020-05-05 08:16:44,951781,952197,2020-05-05 08:16:44.462
2020-05-05 08:16:44,951781,952197,2020-05-05 08:16:44.738
2020-05-05 08:16:45,951781,952197,2020-05-05 08:16:45.004
2020-05-05 08:16:45,951802,952197,2020-05-05 08:16:45.382
2020-05-05 08:16:45,951803,952197,2020-05-05 08:16:45.650
2020-05-05 08:16:45,951807,952197,2020-05-05 08:16:45.927
2020-05-05 08:16:46,951808,952197,2020-05-05 08:16:46.228
2020-05-05 08:16:46,951808,952197,2020-05-05 08:16:46.486
2020-05-05 08:16:46,951808,952197,2020-05-05 08:16:46.916
2020-05-05 08:16:47,951814,952196,2020-05-05 08:16:47.224
2020-05-05 08:16:47,951814,952195,2020-05-05 08:16:47.709
2020-05-05 08:16:47,951812,952196,2020-05-05 08:16:47.983
2020-05-05 08:16:48,951820,952200,2020-05-05 08:16:48.480
2020-05-05 08:16:48,951820,952200,2020-05-05 08:16:48.857
2020-05-05 08:16:49,951843,952200,2020-05-05 08:16:49.230
2020-05-05 08:16:49,951864,952200,2020-05-05 08:16:49.612
2020-05-05 08:16:49,951865,952200,2020-05-05 08:16:49.933
2020-05-05 08:16:50,951865,952200,2020-05-05 08:16:50.210
2020-05-05 08:16:50,951871,952200,2020-05-05 08:16:50.508
2020-05-05 08:16:50,951871,952200,2020-05-05 08:16:50.776
2020-05-05 08:16:51,951871,952200,2020-05-05 08:16:51.077
2020-05-05 08:16:51,951878,952200,2020-05-05 08:16:51.525
2020-05-05 08:16:51,951879,952200,2020-05-05 08:16:51.798
2020-05-05 08:16:52,951879,952200,2020-05-05 08:16:52.106
2020-05-05 08:16:52,951884,952200,2020-05-05 08:16:52.436
2020-05-05 08:16:52,951884,952200,2020-05-05 08:16:52.737
2020-05-05 08:16:53,951889,952200,2020-05-05 08:16:53.098
2020-05-05 08:16:53,951952,952200,2020-05-05 08:16:53.356
2020-05-05 08:16:53,951952,952200,2020-05-05 08:16:53.751
2020-05-05 08:16:54,951957,952200,2020-05-05 08:16:54.074
2020-05-05 08:16:54,951957,952200,2020-05-05 08:16:54.352
2020-05-05 08:16:54,951986,952200,2020-05-05 08:16:54.653
2020-05-05 08:16:54,951986,952200,2020-05-05 08:16:54.999
2020-05-05 08:16:55,951986,952200,2020-05-05 08:16:55.590
2020-05-05 08:16:55,951986,952200,2020-05-05 08:16:55.857
2020-05-05 08:16:56,951987,952200,2020-05-05 08:16:56.165
2020-05-05 08:16:56,951987,952200,2020-05-05 08:16:56.426
2020-05-05 08:16:56,951987,952200,2020-05-05 08:16:56.688
2020-05-05 08:16:57,951987,952200,2020-05-05 08:16:57.001
2020-05-05 08:16:57,951987,952200,2020-05-05 08:16:57.296
2020-05-05 08:16:57,951987,952200,2020-05-05 08:16:57.638
2020-05-05 08:16:57,951987,952200,2020-05-05 08:16:57.915
2020-05-05 08:16:58,951987,952200,2020-05-05 08:16:58.201
2020-05-05 08:16:58,951987,952200,2020-05-05 08:16:58.460
2020-05-05 08:16:58,951987,952200,2020-05-05 08:16:58.817
2020-05-05 08:16:59,951964,952200,2020-05-05 08:16:59.417
2020-05-05 08:16:59,951964,952200,2020-05-05 08:16:59.714
2020-05-05 08:16:59,951969,952200,2020-05-05 08:16:59.979
2020-05-05 08:17:00,951970,952200,2020-05-05 08:17:00.315
2020-05-05 08:17:00,951970,952200,2020-05-05 08:17:00.586
2020-05-05 08:17:00,951970,952200,2020-05-05 08:17:00.879
2020-05-05 08:17:01,951971,952200,2020-05-05 08:17:01.267
2020-05-05 08:17:01,951972,952200,2020-05-05 08:17:01.546
2020-05-05 08:17:01,951977,952200,2020-05-05 08:17:01.821
2020-05-05 08:17:02,951977,952200,2020-05-05 08:17:02.113
2020-05-05 08:17:02,951977,952200,2020-05-05 08:17:02.378
2020-05-05 08:17:02,951977,952200,2020-05-05 08:17:02.665
2020-05-05 08:17:02,951977,952200,2020-05-05 08:17:02.962
2020-05-05 08:17:03,951977,952200,2020-05-05 08:17:03.246
2020-05-05 08:17:03,951977,952200,2020-05-05 08:17:03.549
2020-05-05 08:17:03,951977,952200,2020-05-05 08:17:03.903
2020-05-05 08:17:04,951933,952200,2020-05-05 08:17:04.210
2020-05-05 08:17:04,951934,952200,2020-05-05 08:17:04.477
2020-05-05 08:17:04,951934,952200,2020-05-05 08:17:04.747
2020-05-05 08:17:05,951938,952200,2020-05-05 08:17:05.018
2020-05-05 08:17:05,951939,952200,2020-05-05 08:17:05.364
2020-05-05 08:17:05,951959,952200,2020-05-05 08:17:05.700
2020-05-05 08:17:06,951964,952200,2020-05-05 08:17:06.067
2020-05-05 08:17:06,951970,952200,2020-05-05 08:17:06.334
2020-05-05 08:17:06,951970,952200,2020-05-05 08:17:06.601
2020-05-05 08:17:06,951970,952200,2020-05-05 08:17:06.889
2020-05-05 08:17:07,951976,952200,2020-05-05 08:17:07.165
2020-05-05 08:17:07,951976,952200,2020-05-05 08:17:07.468
2020-05-05 08:17:07,951976,952200,2020-05-05 08:17:07.730
2020-05-05 08:17:07,951976,952200,2020-05-05 08:17:07.991
2020-05-05 08:17:08,951976,952200,2020-05-05 08:17:08.250
2020-05-05 08:17:08,951976,952200,2020-05-05 08:17:08.520
2020-05-05 08:17:08,951976,952200,2020-05-05 08:17:08.884
2020-05-05 08:17:09,951977,952200,2020-05-05 08:17:09.267
2020-05-05 08:17:09,951982,952200,2020-05-05 08:17:09.707
2020-05-05 08:17:09,951983,952200,2020-05-05 08:17:09.985
2020-05-05 08:17:10,951983,952200,2020-05-05 08:17:10.310
2020-05-05 08:17:10,951983,952200,2020-05-05 08:17:10.669
2020-05-05 08:17:10,951983,952200,2020-05-05 08:17:10.930
2020-05-05 08:17:11,951983,952200,2020-05-05 08:17:11.214
2020-05-05 08:17:11,951983,952200,2020-05-05 08:17:11.552
2020-05-05 08:17:11,951983,952200,2020-05-05 08:17:11.854
2020-05-05 08:17:12,951983,952200,2020-05-05 08:17:12.187
2020-05-05 08:17:12,951989,952200,2020-05-05 08:17:12.454
2020-05-05 08:17:12,951989,952200,2020-05-05 08:17:12.931
2020-05-05 08:17:13,951989,952200,2020-05-05 08:17:13.194
2020-05-05 08:17:13,951990,952200,2020-05-05 08:17:13.454
2020-05-05 08:17:13,951990,952200,2020-05-05 08:17:13.732
2020-05-05 08:17:13,951990,952200,2020-05-05 08:17:13.990
2020-05-05 08:17:14,951990,952200,2020-05-05 08:17:14.413
2020-05-05 08:17:14,951990,952200,2020-05-05 08:17:14.730
2020-05-05 08:17:15,951999,952200,2020-05-05 08:17:15.022
2020-05-05 08:17:15,951999,952200,2020-05-05 08:17:15.551
2020-05-05 08:17:15,952004,952200,2020-05-05 08:17:15.896
2020-05-05 08:17:16,952004,952200,2020-05-05 08:17:16.148
2020-05-05 08:17:16,952004,952200,2020-05-05 08:17:16.535
2020-05-05 08:17:16,952004,952200,2020-05-05 08:17:16.850
2020-05-05 08:17:17,952005,952199,2020-05-05 08:17:17.123
2020-05-05 08:17:17,952005,952199,2020-05-05 08:17:17.530
2020-05-05 08:17:17,952026,952199,2020-05-05 08:17:17.828
2020-05-05 08:17:18,952026,952200,2020-05-05 08:17:18.177
2020-05-05 08:17:18,952031,952200,2020-05-05 08:17:18.465
2020-05-05 08:17:18,952031,952200,2020-05-05 08:17:18.763
2020-05-05 08:17:19,952031,952200,2020-05-05 08:17:19.063
2020-05-05 08:17:19,952080,952200,2020-05-05 08:17:19.340
2020-05-05 08:17:19,952081,952200,2020-05-05 08:17:19.600
2020-05-05 08:17:19,952085,952200,2020-05-05 08:17:19.873
2020-05-05 08:17:20,952085,952200,2020-05-05 08:17:20.199
2020-05-05 08:17:20,952085,952200,2020-05-05 08:17:20.569
2020-05-05 08:17:20,952085,952200,2020-05-05 08:17:20.873
2020-05-05 08:17:21,951927,952200,2020-05-05 08:17:21.129
2020-05-05 08:17:21,952042,952200,2020-05-05 08:17:21.410
2020-05-05 08:17:21,952088,952200,2020-05-05 08:17:21.728
2020-05-05 08:17:22,952089,952200,2020-05-05 08:17:22.004
2020-05-05 08:17:22,952089,952200,2020-05-05 08:17:22.267
2020-05-05 08:17:22,952093,952200,2020-05-05 08:17:22.661
2020-05-05 08:17:22,952093,952200,2020-05-05 08:17:22.944
2020-05-05 08:17:23,952093,952200,2020-05-05 08:17:23.569
2020-05-05 08:17:23,951974,952195,2020-05-05 08:17:23.854
2020-05-05 08:17:24,952088,952195,2020-05-05 08:17:24.110
2020-05-05 08:17:24,951974,952195,2020-05-05 08:17:24.368
2020-05-05 08:17:24,951974,952195,2020-05-05 08:17:24.705
2020-05-05 08:17:25,951975,952200,2020-05-05 08:17:24.990
2020-05-05 08:17:25,951996,952200,2020-05-05 08:17:25.266
2020-05-05 08:17:25,951996,952200,2020-05-05 08:17:25.566
2020-05-05 08:17:25,951997,952200,2020-05-05 08:17:25.843
2020-05-05 08:17:26,952002,952200,2020-05-05 08:17:26.107
2020-05-05 08:17:26,952002,952200,2020-05-05 08:17:26.421
2020-05-05 08:17:26,952002,952200,2020-05-05 08:17:26.751
2020-05-05 08:17:27,952002,952200,2020-05-05 08:17:27.027
2020-05-05 08:17:27,952002,952200,2020-05-05 08:17:27.351
2020-05-05 08:17:27,952002,952200,2020-05-05 08:17:27.758
2020-05-05 08:17:28,952002,952200,2020-05-05 08:17:28.229
2020-05-05 08:17:28,952002,952200,2020-05-05 08:17:28.547
2020-05-05 08:17:28,952001,952200,2020-05-05 08:17:28.840
2020-05-05 08:17:29,952008,952200,2020-05-05 08:17:29.115
2020-05-05 08:17:29,952029,952200,2020-05-05 08:17:29.417
2020-05-05 08:17:29,952029,952200,2020-05-05 08:17:29.699
2020-05-05 08:17:30,952029,952200,2020-05-05 08:17:30.002
2020-05-05 08:17:30,952029,952200,2020-05-05 08:17:30.514
2020-05-05 08:17:30,952029,952200,2020-05-05 08:17:30.792
2020-05-05 08:17:31,952029,952200,2020-05-05 08:17:31.073
2020-05-05 08:17:31,952030,952200,2020-05-05 08:17:31.360
2020-05-05 08:17:31,952030,952200,2020-05-05 08:17:31.646
2020-05-05 08:17:31,952031,952200,2020-05-05 08:17:31.922
2020-05-05 08:17:32,952031,952200,2020-05-05 08:17:32.247
2020-05-05 08:17:32,952052,952200,2020-05-05 08:17:32.546
2020-05-05 08:17:32,952052,952200,2020-05-05 08:17:32.873
2020-05-05 08:17:33,952052,952200,2020-05-05 08:17:33.168
2020-05-05 08:17:33,952053,952200,2020-05-05 08:17:33.517
2020-05-05 08:17:34,952053,952200,2020-05-05 08:17:34.000
2020-05-05 08:17:34,951974,952199,2020-05-05 08:17:34.300
2020-05-05 08:17:34,951903,951950,2020-05-05 08:17:34.576
2020-05-05 08:17:34,951582,951950,2020-05-05 08:17:34.985
2020-05-05 08:17:35,951582,951871,2020-05-05 08:17:35.244
2020-05-05 08:17:35,951808,951871,2020-05-05 08:17:35.501
2020-05-05 08:17:35,951330,951503,2020-05-05 08:17:35.755
2020-05-05 08:17:36,951487,951503,2020-05-05 08:17:36.033
2020-05-05 08:17:36,951487,951498,2020-05-05 08:17:36.645
2020-05-05 08:17:36,951487,951502,2020-05-05 08:17:36.966
2020-05-05 08:17:37,951487,951497,2020-05-05 08:17:37.241
2020-05-05 08:17:37,951487,951497,2020-05-05 08:17:37.517
2020-05-05 08:17:37,951487,951497,2020-05-05 08:17:37.785
2020-05-05 08:17:38,951336,951496,2020-05-05 08:17:38.325
2020-05-05 08:17:38,951336,951493,2020-05-05 08:17:38.605
2020-05-05 08:17:38,951336,951475,2020-05-05 08:17:38.867
2020-05-05 08:17:39,951336,951493,2020-05-05 08:17:39.162
2020-05-05 08:17:39,951271,951495,2020-05-05 08:17:39.439
2020-05-05 08:17:39,951271,951495,2020-05-05 08:17:39.713
2020-05-05 08:17:39,951271,951495,2020-05-05 08:17:39.996
2020-05-05 08:17:40,951292,951495,2020-05-05 08:17:40.255
2020-05-05 08:17:40,951106,951493,2020-05-05 08:17:40.518
2020-05-05 08:17:40,951106,951493,2020-05-05 08:17:40.796
2020-05-05 08:17:41,951106,951492,2020-05-05 08:17:41.058
2020-05-05 08:17:41,951057,951487,2020-05-05 08:17:41.393
2020-05-05 08:17:41,951057,951487,2020-05-05 08:17:41.673
2020-05-05 08:17:41,951057,951486,2020-05-05 08:17:41.971
2020-05-05 08:17:42,951057,951486,2020-05-05 08:17:42.258
2020-05-05 08:17:42,951057,951384,2020-05-05 08:17:42.548
2020-05-05 08:17:42,951057,951384,2020-05-05 08:17:42.809
2020-05-05 08:17:43,951057,951384,2020-05-05 08:17:43.135
2020-05-05 08:17:43,951057,951384,2020-05-05 08:17:43.419
2020-05-05 08:17:43,951057,951383,2020-05-05 08:17:43.707
2020-05-05 08:17:43,951057,951378,2020-05-05 08:17:43.988
2020-05-05 08:17:44,950943,951378,2020-05-05 08:17:44.272
2020-05-05 08:17:44,950964,951377,2020-05-05 08:17:44.567
2020-05-05 08:17:44,950964,951377,2020-05-05 08:17:44.989
2020-05-05 08:17:45,950965,951374,2020-05-05 08:17:45.403
2020-05-05 08:17:45,950965,951374,2020-05-05 08:17:45.674
2020-05-05 08:17:46,950965,951374,2020-05-05 08:17:46.066
2020-05-05 08:17:46,950965,951376,2020-05-05 08:17:46.370
2020-05-05 08:17:46,950965,951373,2020-05-05 08:17:46.655
2020-05-05 08:17:46,950965,951373,2020-05-05 08:17:46.941
2020-05-05 08:17:47,950965,951379,2020-05-05 08:17:47.243
2020-05-05 08:17:47,950965,951373,2020-05-05 08:17:47.535
2020-05-05 08:17:47,950965,951373,2020-05-05 08:17:47.802
2020-05-05 08:17:48,950966,951368,2020-05-05 08:17:48.064
2020-05-05 08:17:48,950966,951367,2020-05-05 08:17:48.374
2020-05-05 08:17:48,950967,951367,2020-05-05 08:17:48.639
2020-05-05 08:17:48,950967,951367,2020-05-05 08:17:48.914
2020-05-05 08:17:49,950967,951362,2020-05-05 08:17:49.173
2020-05-05 08:17:49,950988,951362,2020-05-05 08:17:49.558
2020-05-05 08:17:50,950989,951356,2020-05-05 08:17:50.048
2020-05-05 08:17:50,950989,951356,2020-05-05 08:17:50.325
2020-05-05 08:17:50,950995,951356,2020-05-05 08:17:50.592
2020-05-05 08:17:50,950995,951356,2020-05-05 08:17:50.864
2020-05-05 08:17:51,950996,951356,2020-05-05 08:17:51.278
2020-05-05 08:17:51,950996,951356,2020-05-05 08:17:51.672
2020-05-05 08:17:52,950996,951371,2020-05-05 08:17:52.008
2020-05-05 08:17:52,950996,951371,2020-05-05 08:17:52.300
2020-05-05 08:17:52,950996,951371,2020-05-05 08:17:52.657
2020-05-05 08:17:52,950996,951371,2020-05-05 08:17:52.935
2020-05-05 08:17:53,951002,951370,2020-05-05 08:17:53.223
2020-05-05 08:17:53,951002,951370,2020-05-05 08:17:53.593
2020-05-05 08:17:53,951003,951370,2020-05-05 08:17:53.901
2020-05-05 08:17:54,951023,951370,2020-05-05 08:17:54.327
2020-05-05 08:17:54,951023,951370,2020-05-05 08:17:54.592
2020-05-05 08:17:54,951023,951364,2020-05-05 08:17:54.896
2020-05-05 08:17:55,951024,951364,2020-05-05 08:17:55.160
2020-05-05 08:17:55,951024,951363,2020-05-05 08:17:55.416
2020-05-05 08:17:55,951024,951365,2020-05-05 08:17:55.684
2020-05-05 08:17:55,951030,951362,2020-05-05 08:17:55.963
2020-05-05 08:17:56,951030,951362,2020-05-05 08:17:56.326
2020-05-05 08:17:56,951031,951357,2020-05-05 08:17:56.637
2020-05-05 08:17:56,951030,951356,2020-05-05 08:17:56.909
2020-05-05 08:17:57,951030,951356,2020-05-05 08:17:57.164
2020-05-05 08:17:57,951030,951356,2020-05-05 08:17:57.447
2020-05-05 08:17:57,951030,951351,2020-05-05 08:17:57.839
2020-05-05 08:17:58,951030,951351,2020-05-05 08:17:58.540
2020-05-05 08:17:58,951000,951196,2020-05-05 08:17:58.950
2020-05-05 08:17:59,951000,951191,2020-05-05 08:17:59.228
2020-05-05 08:17:59,951001,951191,2020-05-05 08:17:59.487
2020-05-05 08:17:59,951001,951191,2020-05-05 08:17:59.785
2020-05-05 08:18:00,951001,951191,2020-05-05 08:18:00.115
2020-05-05 08:18:00,951000,951191,2020-05-05 08:18:00.422
2020-05-05 08:18:00,951000,951191,2020-05-05 08:18:00.710
2020-05-05 08:18:01,951000,951191,2020-05-05 08:18:01.125
2020-05-05 08:18:01,951000,951191,2020-05-05 08:18:01.442
2020-05-05 08:18:01,951000,951217,2020-05-05 08:18:01.730
2020-05-05 08:18:02,951000,951217,2020-05-05 08:18:02.139
2020-05-05 08:18:02,951000,951216,2020-05-05 08:18:02.427
2020-05-05 08:18:02,951000,951196,2020-05-05 08:18:02.737
2020-05-05 08:18:03,951000,951195,2020-05-05 08:18:03.011
2020-05-05 08:18:03,951000,951191,2020-05-05 08:18:03.298
2020-05-05 08:18:03,951000,951191,2020-05-05 08:18:03.665
2020-05-05 08:18:04,951000,951191,2020-05-05 08:18:04.021
2020-05-05 08:18:04,951000,951191,2020-05-05 08:18:04.445
2020-05-05 08:18:04,951000,951206,2020-05-05 08:18:04.720
2020-05-05 08:18:05,951000,951213,2020-05-05 08:18:05.089
2020-05-05 08:18:05,951000,951213,2020-05-05 08:18:05.455
2020-05-05 08:18:05,951005,951213,2020-05-05 08:18:05.729
2020-05-05 08:18:06,951005,951213,2020-05-05 08:18:06.027
2020-05-05 08:18:06,951005,951250,2020-05-05 08:18:06.295
2020-05-05 08:18:06,951005,951250,2020-05-05 08:18:06.622
2020-05-05 08:18:06,951011,951250,2020-05-05 08:18:06.885
2020-05-05 08:18:07,951011,951250,2020-05-05 08:18:07.296
2020-05-05 08:18:07,951011,951250,2020-05-05 08:18:07.575
2020-05-05 08:18:07,951011,951250,2020-05-05 08:18:07.863
2020-05-05 08:18:08,951011,951250,2020-05-05 08:18:08.174
2020-05-05 08:18:08,951011,951251,2020-05-05 08:18:08.457
2020-05-05 08:18:08,951011,951230,2020-05-05 08:18:08.838
2020-05-05 08:18:09,951011,951230,2020-05-05 08:18:09.106
2020-05-05 08:18:09,951011,951230,2020-05-05 08:18:09.443
2020-05-05 08:18:09,951011,951230,2020-05-05 08:18:09.711
2020-05-05 08:18:10,951011,951230,2020-05-05 08:18:10.048
2020-05-05 08:18:10,950943,951000,2020-05-05 08:18:10.392
2020-05-05 08:18:10,950943,951000,2020-05-05 08:18:10.654
2020-05-05 08:18:10,950944,950995,2020-05-05 08:18:10.944
2020-05-05 08:18:11,950944,950995,2020-05-05 08:18:11.228
2020-05-05 08:18:11,950944,950999,2020-05-05 08:18:11.523
2020-05-05 08:18:11,950944,950999,2020-05-05 08:18:11.858
2020-05-05 08:18:12,950944,950999,2020-05-05 08:18:12.142
2020-05-05 08:18:12,950943,951000,2020-05-05 08:18:12.419
2020-05-05 08:18:12,950948,951000,2020-05-05 08:18:12.707
2020-05-05 08:18:12,950948,951000,2020-05-05 08:18:12.991
2020-05-05 08:18:13,950943,951000,2020-05-05 08:18:13.347
2020-05-05 08:18:13,950948,951000,2020-05-05 08:18:13.630
2020-05-05 08:18:13,950948,951000,2020-05-05 08:18:13.919
2020-05-05 08:18:14,950954,951000,2020-05-05 08:18:14.566
2020-05-05 08:18:14,950954,951000,2020-05-05 08:18:14.820
2020-05-05 08:18:15,950948,951000,2020-05-05 08:18:15.076
2020-05-05 08:18:15,950955,951000,2020-05-05 08:18:15.340
2020-05-05 08:18:15,950955,951000,2020-05-05 08:18:15.682
2020-05-05 08:18:15,950955,951000,2020-05-05 08:18:15.955
2020-05-05 08:18:16,950961,951000,2020-05-05 08:18:16.259
2020-05-05 08:18:16,951000,951251,2020-05-05 08:18:16.548
2020-05-05 08:18:16,951001,951341,2020-05-05 08:18:16.818
2020-05-05 08:18:17,951006,951341,2020-05-05 08:18:17.097
2020-05-05 08:18:17,951026,951341,2020-05-05 08:18:17.501
2020-05-05 08:18:17,951031,951335,2020-05-05 08:18:17.873
2020-05-05 08:18:18,951031,951335,2020-05-05 08:18:18.174
2020-05-05 08:18:18,951031,951335,2020-05-05 08:18:18.440
2020-05-05 08:18:18,951031,951335,2020-05-05 08:18:18.707
2020-05-05 08:18:18,951031,951335,2020-05-05 08:18:18.988
2020-05-05 08:18:19,951104,951335,2020-05-05 08:18:19.251
2020-05-05 08:18:19,951105,951335,2020-05-05 08:18:19.510
2020-05-05 08:18:19,951105,951335,2020-05-05 08:18:19.911
2020-05-05 08:18:20,951110,951335,2020-05-05 08:18:20.205
2020-05-05 08:18:20,951111,951379,2020-05-05 08:18:20.494
2020-05-05 08:18:20,951291,951455,2020-05-05 08:18:20.770
2020-05-05 08:18:21,951292,951455,2020-05-05 08:18:21.047
2020-05-05 08:18:21,951296,951455,2020-05-05 08:18:21.367
2020-05-05 08:18:21,951296,951455,2020-05-05 08:18:21.642
2020-05-05 08:18:21,951297,951455,2020-05-05 08:18:21.905
2020-05-05 08:18:22,951297,951455,2020-05-05 08:18:22.169
2020-05-05 08:18:22,951297,951576,2020-05-05 08:18:22.473
2020-05-05 08:18:22,951298,951629,2020-05-05 08:18:22.879
2020-05-05 08:18:23,951298,951335,2020-05-05 08:18:23.139
2020-05-05 08:18:23,951298,951335,2020-05-05 08:18:23.439
2020-05-05 08:18:23,951299,951335,2020-05-05 08:18:23.719
2020-05-05 08:18:24,951299,951335,2020-05-05 08:18:24.006
2020-05-05 08:18:24,951291,951335,2020-05-05 08:18:24.283
2020-05-05 08:18:24,951299,951335,2020-05-05 08:18:24.563
2020-05-05 08:18:24,951296,951629,2020-05-05 08:18:24.862
2020-05-05 08:18:25,951296,951629,2020-05-05 08:18:25.121
2020-05-05 08:18:25,951291,951629,2020-05-05 08:18:25.405
2020-05-05 08:18:25,951296,951629,2020-05-05 08:18:25.680
2020-05-05 08:18:26,951317,951629,2020-05-05 08:18:25.996
2020-05-05 08:18:26,951322,951629,2020-05-05 08:18:26.282
2020-05-05 08:18:26,951322,951629,2020-05-05 08:18:26.542
2020-05-05 08:18:26,951322,951629,2020-05-05 08:18:26.814
2020-05-05 08:18:27,951322,951629,2020-05-05 08:18:27.095
2020-05-05 08:18:27,951323,951629,2020-05-05 08:18:27.379
2020-05-05 08:18:27,951323,951629,2020-05-05 08:18:27.668
2020-05-05 08:18:27,951324,951629,2020-05-05 08:18:27.941
2020-05-05 08:18:28,951415,951629,2020-05-05 08:18:28.227
2020-05-05 08:18:28,951415,951629,2020-05-05 08:18:28.492
2020-05-05 08:18:28,951415,951629,2020-05-05 08:18:28.830
2020-05-05 08:18:29,951420,951629,2020-05-05 08:18:29.128
2020-05-05 08:18:29,951420,951629,2020-05-05 08:18:29.468
2020-05-05 08:18:29,951420,951608,2020-05-05 08:18:29.842
2020-05-05 08:18:30,951420,951608,2020-05-05 08:18:30.104
2020-05-05 08:18:30,951420,951608,2020-05-05 08:18:30.371
2020-05-05 08:18:30,951420,951608,2020-05-05 08:18:30.648
2020-05-05 08:18:30,951420,951608,2020-05-05 08:18:30.948
2020-05-05 08:18:31,951420,951608,2020-05-05 08:18:31.355
2020-05-05 08:18:31,951420,951608,2020-05-05 08:18:31.666
2020-05-05 08:18:31,951420,951608,2020-05-05 08:18:31.945
2020-05-05 08:18:32,951420,951608,2020-05-05 08:18:32.205
2020-05-05 08:18:32,951420,951608,2020-05-05 08:18:32.459
2020-05-05 08:18:32,951420,951608,2020-05-05 08:18:32.715
2020-05-05 08:18:32,951420,951608,2020-05-05 08:18:32.982
2020-05-05 08:18:33,951420,951608,2020-05-05 08:18:33.383
2020-05-05 08:18:33,951531,951629,2020-05-05 08:18:33.680
2020-05-05 08:18:34,951526,951629,2020-05-05 08:18:34.398
2020-05-05 08:18:34,951547,951629,2020-05-05 08:18:34.690
2020-05-05 08:18:35,951547,951629,2020-05-05 08:18:35.005
2020-05-05 08:18:35,951552,951629,2020-05-05 08:18:35.298
2020-05-05 08:18:35,951552,951629,2020-05-05 08:18:35.574
2020-05-05 08:18:35,951552,951629,2020-05-05 08:18:35.878
2020-05-05 08:18:36,951552,951629,2020-05-05 08:18:36.162
2020-05-05 08:18:36,951526,951629,2020-05-05 08:18:36.475
2020-05-05 08:18:36,951531,951629,2020-05-05 08:18:36.732
2020-05-05 08:18:37,951361,951629,2020-05-05 08:18:37.069
2020-05-05 08:18:37,951353,951629,2020-05-05 08:18:37.326
2020-05-05 08:18:37,951353,951360,2020-05-05 08:18:37.609
2020-05-05 08:18:37,951353,951360,2020-05-05 08:18:37.903
2020-05-05 08:18:38,951353,951360,2020-05-05 08:18:38.170
2020-05-05 08:18:38,951353,951498,2020-05-05 08:18:38.490
2020-05-05 08:18:38,951353,951496,2020-05-05 08:18:38.753
2020-05-05 08:18:39,951353,951475,2020-05-05 08:18:39.049
2020-05-05 08:18:39,951201,951470,2020-05-05 08:18:39.318
2020-05-05 08:18:39,951201,951353,2020-05-05 08:18:39.600
2020-05-05 08:18:39,951201,951353,2020-05-05 08:18:39.867
2020-05-05 08:18:40,951195,951353,2020-05-05 08:18:40.192
2020-05-05 08:18:40,951132,951195,2020-05-05 08:18:40.458
2020-05-05 08:18:40,951132,951195,2020-05-05 08:18:40.723
2020-05-05 08:18:41,951132,951350,2020-05-05 08:18:41.110
2020-05-05 08:18:41,951132,951190,2020-05-05 08:18:41.482
2020-05-05 08:18:41,951132,951190,2020-05-05 08:18:41.771
2020-05-05 08:18:42,951132,951269,2020-05-05 08:18:42.036
2020-05-05 08:18:42,951132,951493,2020-05-05 08:18:42.360
2020-05-05 08:18:42,951104,951551,2020-05-05 08:18:42.774
2020-05-05 08:18:43,951104,951551,2020-05-05 08:18:43.196
2020-05-05 08:18:43,951104,951348,2020-05-05 08:18:43.662
2020-05-05 08:18:43,951104,951348,2020-05-05 08:18:43.980
2020-05-05 08:18:44,951104,951348,2020-05-05 08:18:44.242
2020-05-05 08:18:44,951104,951348,2020-05-05 08:18:44.535
2020-05-05 08:18:44,951104,951348,2020-05-05 08:18:44.891
2020-05-05 08:18:45,951104,951348,2020-05-05 08:18:45.151
2020-05-05 08:18:45,951104,951348,2020-05-05 08:18:45.474
2020-05-05 08:18:45,951104,951348,2020-05-05 08:18:45.797
2020-05-05 08:18:46,951104,951348,2020-05-05 08:18:46.057
2020-05-05 08:18:46,951104,951348,2020-05-05 08:18:46.382
2020-05-05 08:18:46,951104,951348,2020-05-05 08:18:46.650
2020-05-05 08:18:46,951105,951348,2020-05-05 08:18:46.963
2020-05-05 08:18:47,951104,951348,2020-05-05 08:18:47.244
2020-05-05 08:18:47,951104,951348,2020-05-05 08:18:47.507
2020-05-05 08:18:47,951104,951348,2020-05-05 08:18:47.812
2020-05-05 08:18:48,951104,951348,2020-05-05 08:18:48.156
2020-05-05 08:18:48,951104,951348,2020-05-05 08:18:48.484
2020-05-05 08:18:48,951104,951348,2020-05-05 08:18:48.779
2020-05-05 08:18:49,951104,951348,2020-05-05 08:18:49.052
2020-05-05 08:18:49,951104,951348,2020-05-05 08:18:49.376
2020-05-05 08:18:49,951104,951348,2020-05-05 08:18:49.650
2020-05-05 08:18:49,951104,951348,2020-05-05 08:18:49.992
2020-05-05 08:18:50,951104,951348,2020-05-05 08:18:50.525
2020-05-05 08:18:50,951104,951348,2020-05-05 08:18:50.810
2020-05-05 08:18:51,951105,951348,2020-05-05 08:18:51.146
2020-05-05 08:18:51,951104,951348,2020-05-05 08:18:51.428
2020-05-05 08:18:51,951104,951348,2020-05-05 08:18:51.714
2020-05-05 08:18:51,951348,951471,2020-05-05 08:18:51.993
2020-05-05 08:18:52,951104,951471,2020-05-05 08:18:52.333
2020-05-05 08:18:52,951105,951471,2020-05-05 08:18:52.612
2020-05-05 08:18:52,951105,951471,2020-05-05 08:18:52.954
2020-05-05 08:18:53,951105,951471,2020-05-05 08:18:53.214
2020-05-05 08:18:53,951105,951471,2020-05-05 08:18:53.475
2020-05-05 08:18:53,951105,951470,2020-05-05 08:18:53.756
2020-05-05 08:18:54,951105,951465,2020-05-05 08:18:54.053
2020-05-05 08:18:54,951105,951465,2020-05-05 08:18:54.345
2020-05-05 08:18:54,951105,951444,2020-05-05 08:18:54.633
2020-05-05 08:18:54,951105,951444,2020-05-05 08:18:54.958
2020-05-05 08:18:55,951105,951439,2020-05-05 08:18:55.277
2020-05-05 08:18:55,951105,951439,2020-05-05 08:18:55.565
2020-05-05 08:18:55,951105,951439,2020-05-05 08:18:55.850
2020-05-05 08:18:56,951105,951439,2020-05-05 08:18:56.114
2020-05-05 08:18:56,951105,951439,2020-05-05 08:18:56.560
2020-05-05 08:18:56,951105,951439,2020-05-05 08:18:56.868
2020-05-05 08:18:57,951105,951439,2020-05-05 08:18:57.168
2020-05-05 08:18:57,951160,951478,2020-05-05 08:18:57.447
2020-05-05 08:18:57,951161,951509,2020-05-05 08:18:57.703
2020-05-05 08:18:57,951161,951509,2020-05-05 08:18:57.988
2020-05-05 08:18:58,951162,951504,2020-05-05 08:18:58.248
2020-05-05 08:18:58,951161,951472,2020-05-05 08:18:58.540
2020-05-05 08:18:58,951161,951472,2020-05-05 08:18:58.803
2020-05-05 08:18:59,951161,951467,2020-05-05 08:18:59.101
2020-05-05 08:18:59,951161,951467,2020-05-05 08:18:59.402
2020-05-05 08:18:59,951161,951467,2020-05-05 08:18:59.763
2020-05-05 08:19:00,951161,951467,2020-05-05 08:19:00.076
2020-05-05 08:19:00,951161,951467,2020-05-05 08:19:00.352
2020-05-05 08:19:00,951161,951467,2020-05-05 08:19:00.644
2020-05-05 08:19:00,951137,951467,2020-05-05 08:19:00.917
2020-05-05 08:19:01,951137,951467,2020-05-05 08:19:01.199
2020-05-05 08:19:01,951137,951467,2020-05-05 08:19:01.452
2020-05-05 08:19:01,951136,951504,2020-05-05 08:19:01.714
2020-05-05 08:19:01,951139,951504,2020-05-05 08:19:01.988
2020-05-05 08:19:02,951137,951498,2020-05-05 08:19:02.305
2020-05-05 08:19:02,951137,951498,2020-05-05 08:19:02.589
2020-05-05 08:19:02,951137,951498,2020-05-05 08:19:02.868
2020-05-05 08:19:03,951137,951493,2020-05-05 08:19:03.151
2020-05-05 08:19:03,951119,951472,2020-05-05 08:19:03.426
2020-05-05 08:19:03,951119,951467,2020-05-05 08:19:03.709
2020-05-05 08:19:03,951119,951467,2020-05-05 08:19:03.978
2020-05-05 08:19:04,951162,951467,2020-05-05 08:19:04.253
2020-05-05 08:19:04,951163,951467,2020-05-05 08:19:04.518
2020-05-05 08:19:04,951208,951467,2020-05-05 08:19:04.787
2020-05-05 08:19:05,951208,951467,2020-05-05 08:19:05.040
2020-05-05 08:19:05,951208,951629,2020-05-05 08:19:05.328
2020-05-05 08:19:05,951625,951629,2020-05-05 08:19:05.623
2020-05-05 08:19:05,951059,951616,2020-05-05 08:19:05.884
2020-05-05 08:19:06,951210,951616,2020-05-05 08:19:06.223
2020-05-05 08:19:06,951211,951615,2020-05-05 08:19:06.501
2020-05-05 08:19:06,951279,951611,2020-05-05 08:19:06.780
2020-05-05 08:19:07,951280,951594,2020-05-05 08:19:07.045
2020-05-05 08:19:07,951280,951593,2020-05-05 08:19:07.318
2020-05-05 08:19:07,951280,951593,2020-05-05 08:19:07.577
2020-05-05 08:19:07,951247,951589,2020-05-05 08:19:07.846
2020-05-05 08:19:08,951216,951589,2020-05-05 08:19:08.138
2020-05-05 08:19:08,951216,951588,2020-05-05 08:19:08.395
2020-05-05 08:19:08,951217,951588,2020-05-05 08:19:08.688
2020-05-05 08:19:09,951218,951587,2020-05-05 08:19:08.999
2020-05-05 08:19:09,951283,951582,2020-05-05 08:19:09.300
2020-05-05 08:19:09,951220,951581,2020-05-05 08:19:09.585
2020-05-05 08:19:09,951284,951581,2020-05-05 08:19:09.984
2020-05-05 08:19:10,951221,951576,2020-05-05 08:19:10.487
2020-05-05 08:19:10,951285,951576,2020-05-05 08:19:10.797
2020-05-05 08:19:11,951223,951555,2020-05-05 08:19:11.069
2020-05-05 08:19:11,951222,951555,2020-05-05 08:19:11.496
2020-05-05 08:19:11,951223,951550,2020-05-05 08:19:11.768
2020-05-05 08:19:12,951225,951549,2020-05-05 08:19:12.165
2020-05-05 08:19:12,951225,951549,2020-05-05 08:19:12.527
2020-05-05 08:19:12,951286,951549,2020-05-05 08:19:12.794
2020-05-05 08:19:13,951286,951549,2020-05-05 08:19:13.124
2020-05-05 08:19:13,951228,951544,2020-05-05 08:19:13.399
2020-05-05 08:19:13,951228,951544,2020-05-05 08:19:13.698
2020-05-05 08:19:13,951229,951544,2020-05-05 08:19:13.962
2020-05-05 08:19:14,951230,951543,2020-05-05 08:19:14.230
2020-05-05 08:19:14,951230,951538,2020-05-05 08:19:14.521
2020-05-05 08:19:14,951289,951538,2020-05-05 08:19:14.799
2020-05-05 08:19:15,951232,951537,2020-05-05 08:19:15.072
2020-05-05 08:19:15,951261,951516,2020-05-05 08:19:15.340
2020-05-05 08:19:15,951290,951516,2020-05-05 08:19:15.838
2020-05-05 08:19:16,951235,951511,2020-05-05 08:19:16.128
2020-05-05 08:19:16,951235,951511,2020-05-05 08:19:16.385
2020-05-05 08:19:16,951235,951511,2020-05-05 08:19:16.658
2020-05-05 08:19:16,951237,951511,2020-05-05 08:19:16.955
2020-05-05 08:19:17,951238,951511,2020-05-05 08:19:17.243
2020-05-05 08:19:17,951238,951511,2020-05-05 08:19:17.540
2020-05-05 08:19:17,951238,951511,2020-05-05 08:19:17.822
2020-05-05 08:19:18,951239,951510,2020-05-05 08:19:18.093
2020-05-05 08:19:18,951179,951510,2020-05-05 08:19:18.539
2020-05-05 08:19:18,951181,951505,2020-05-05 08:19:18.858
2020-05-05 08:19:19,951258,951505,2020-05-05 08:19:19.375
2020-05-05 08:19:19,951259,951504,2020-05-05 08:19:19.650
2020-05-05 08:19:19,951259,951504,2020-05-05 08:19:19.943
2020-05-05 08:19:20,951259,951504,2020-05-05 08:19:20.276
2020-05-05 08:19:20,951264,951499,2020-05-05 08:19:20.549
2020-05-05 08:19:20,951264,951499,2020-05-05 08:19:20.828
2020-05-05 08:19:21,951265,951499,2020-05-05 08:19:21.117
2020-05-05 08:19:21,951266,951715,2020-05-05 08:19:21.394
2020-05-05 08:19:21,951267,951628,2020-05-05 08:19:21.681
2020-05-05 08:19:22,951271,951628,2020-05-05 08:19:22.053
2020-05-05 08:19:22,951271,951624,2020-05-05 08:19:22.355
2020-05-05 08:19:22,951271,951624,2020-05-05 08:19:22.631
2020-05-05 08:19:22,951272,951624,2020-05-05 08:19:22.945
2020-05-05 08:19:23,951277,951623,2020-05-05 08:19:23.276
2020-05-05 08:19:23,951566,951725,2020-05-05 08:19:23.535
2020-05-05 08:19:24,951566,951725,2020-05-05 08:19:24.053
2020-05-05 08:19:24,951566,951725,2020-05-05 08:19:24.314
2020-05-05 08:19:24,951571,951725,2020-05-05 08:19:24.586
2020-05-05 08:19:24,951571,951725,2020-05-05 08:19:24.894
2020-05-05 08:19:25,951567,951725,2020-05-05 08:19:25.590
2020-05-05 08:19:25,951571,951725,2020-05-05 08:19:25.851
2020-05-05 08:19:26,951566,951757,2020-05-05 08:19:26.117
2020-05-05 08:19:26,951571,951757,2020-05-05 08:19:26.388
2020-05-05 08:19:26,951571,951757,2020-05-05 08:19:26.770
2020-05-05 08:19:27,951571,951757,2020-05-05 08:19:27.196
2020-05-05 08:19:27,951571,951757,2020-05-05 08:19:27.486
2020-05-05 08:19:27,951566,951757,2020-05-05 08:19:27.748
2020-05-05 08:19:28,951571,951757,2020-05-05 08:19:28.020
2020-05-05 08:19:28,951571,951757,2020-05-05 08:19:28.309
2020-05-05 08:19:28,951571,951757,2020-05-05 08:19:28.599
2020-05-05 08:19:28,951566,951757,2020-05-05 08:19:28.865
2020-05-05 08:19:29,951571,951757,2020-05-05 08:19:29.147
2020-05-05 08:19:29,951566,951757,2020-05-05 08:19:29.513
2020-05-05 08:19:29,951571,951762,2020-05-05 08:19:29.818
2020-05-05 08:19:30,951571,951757,2020-05-05 08:19:30.085
2020-05-05 08:19:30,951571,951757,2020-05-05 08:19:30.360
2020-05-05 08:19:30,951571,951757,2020-05-05 08:19:30.667
2020-05-05 08:19:30,951442,951757,2020-05-05 08:19:30.960
2020-05-05 08:19:31,951442,951755,2020-05-05 08:19:31.227
2020-05-05 08:19:31,951442,951755,2020-05-05 08:19:31.587
2020-05-05 08:19:31,951463,951755,2020-05-05 08:19:31.929
2020-05-05 08:19:32,951463,951755,2020-05-05 08:19:32.248
2020-05-05 08:19:32,951463,951755,2020-05-05 08:19:32.766
2020-05-05 08:19:33,951463,951755,2020-05-05 08:19:33.052
2020-05-05 08:19:33,951464,951757,2020-05-05 08:19:33.346
2020-05-05 08:19:33,951465,951757,2020-05-05 08:19:33.636
2020-05-05 08:19:33,951466,951757,2020-05-05 08:19:33.896
2020-05-05 08:19:34,951465,951757,2020-05-05 08:19:34.191
2020-05-05 08:19:34,951364,951757,2020-05-05 08:19:34.463
2020-05-05 08:19:34,951440,951757,2020-05-05 08:19:34.736
2020-05-05 08:19:34,951440,951757,2020-05-05 08:19:34.992
2020-05-05 08:19:35,951440,951757,2020-05-05 08:19:35.257
2020-05-05 08:19:35,951366,951757,2020-05-05 08:19:35.515
2020-05-05 08:19:35,951441,951757,2020-05-05 08:19:35.785
2020-05-05 08:19:36,951441,951757,2020-05-05 08:19:36.057
2020-05-05 08:19:36,951424,951757,2020-05-05 08:19:36.404
2020-05-05 08:19:36,951424,951757,2020-05-05 08:19:36.709
2020-05-05 08:19:37,951424,951757,2020-05-05 08:19:37.212
2020-05-05 08:19:37,951426,951757,2020-05-05 08:19:37.489
2020-05-05 08:19:37,951427,951757,2020-05-05 08:19:37.839
2020-05-05 08:19:38,951427,951757,2020-05-05 08:19:38.119
2020-05-05 08:19:38,951429,951756,2020-05-05 08:19:38.390
2020-05-05 08:19:38,951429,951756,2020-05-05 08:19:38.894
2020-05-05 08:19:39,951431,951751,2020-05-05 08:19:39.200
2020-05-05 08:19:39,951431,951751,2020-05-05 08:19:39.479
2020-05-05 08:19:39,951432,951751,2020-05-05 08:19:39.819
2020-05-05 08:19:40,951432,951757,2020-05-05 08:19:40.110
2020-05-05 08:19:40,951433,951757,2020-05-05 08:19:40.519
2020-05-05 08:19:40,951433,951757,2020-05-05 08:19:40.790
2020-05-05 08:19:41,951434,951757,2020-05-05 08:19:41.264
2020-05-05 08:19:41,951434,951731,2020-05-05 08:19:41.544
2020-05-05 08:19:41,951434,951731,2020-05-05 08:19:41.809
2020-05-05 08:19:42,951434,951731,2020-05-05 08:19:42.067
2020-05-05 08:19:42,951435,951731,2020-05-05 08:19:42.331
2020-05-05 08:19:42,951435,951731,2020-05-05 08:19:42.645
2020-05-05 08:19:42,951436,951731,2020-05-05 08:19:42.942
2020-05-05 08:19:43,951407,951731,2020-05-05 08:19:43.222
2020-05-05 08:19:43,951379,951731,2020-05-05 08:19:43.525
2020-05-05 08:19:43,951379,951731,2020-05-05 08:19:43.795
2020-05-05 08:19:44,951381,951731,2020-05-05 08:19:44.076
2020-05-05 08:19:44,951381,951731,2020-05-05 08:19:44.366
2020-05-05 08:19:44,951382,951755,2020-05-05 08:19:44.666
2020-05-05 08:19:44,951382,951755,2020-05-05 08:19:44.922
2020-05-05 08:19:45,951383,951750,2020-05-05 08:19:45.202
2020-05-05 08:19:45,951384,951750,2020-05-05 08:19:45.670
2020-05-05 08:19:46,951398,951724,2020-05-05 08:19:46.007
2020-05-05 08:19:46,951398,951724,2020-05-05 08:19:46.322
2020-05-05 08:19:46,951215,951723,2020-05-05 08:19:46.623
2020-05-05 08:19:47,951215,951723,2020-05-05 08:19:47.010
2020-05-05 08:19:47,951300,951723,2020-05-05 08:19:47.292
2020-05-05 08:19:47,951301,951722,2020-05-05 08:19:47.553
2020-05-05 08:19:47,951301,951722,2020-05-05 08:19:47.825
2020-05-05 08:19:48,951302,951717,2020-05-05 08:19:48.090
2020-05-05 08:19:48,951303,951716,2020-05-05 08:19:48.349
2020-05-05 08:19:48,951303,951716,2020-05-05 08:19:48.638
2020-05-05 08:19:48,951303,951716,2020-05-05 08:19:48.919
2020-05-05 08:19:49,951307,951711,2020-05-05 08:19:49.188
2020-05-05 08:19:49,951331,951710,2020-05-05 08:19:49.478
2020-05-05 08:19:49,951332,951710,2020-05-05 08:19:49.732
2020-05-05 08:19:50,951332,951710,2020-05-05 08:19:50.026
2020-05-05 08:19:50,951332,951710,2020-05-05 08:19:50.346
2020-05-05 08:19:50,951333,951710,2020-05-05 08:19:50.640
2020-05-05 08:19:50,951338,951710,2020-05-05 08:19:50.904
2020-05-05 08:19:51,951710,951729,2020-05-05 08:19:51.216
2020-05-05 08:19:51,951338,951701,2020-05-05 08:19:51.487
2020-05-05 08:19:51,951433,951701,2020-05-05 08:19:51.746
2020-05-05 08:19:52,951341,951701,2020-05-05 08:19:52.010
2020-05-05 08:19:52,951341,951701,2020-05-05 08:19:52.283
2020-05-05 08:19:52,951344,951701,2020-05-05 08:19:52.851
2020-05-05 08:19:53,951365,951701,2020-05-05 08:19:53.418
2020-05-05 08:19:53,951370,951723,2020-05-05 08:19:53.858
2020-05-05 08:19:54,951370,951723,2020-05-05 08:19:54.154
2020-05-05 08:19:54,951371,951723,2020-05-05 08:19:54.422
2020-05-05 08:19:54,951371,951723,2020-05-05 08:19:54.764
2020-05-05 08:19:55,951372,951723,2020-05-05 08:19:55.062
2020-05-05 08:19:55,951377,951762,2020-05-05 08:19:55.353
2020-05-05 08:19:55,951377,951762,2020-05-05 08:19:55.621
2020-05-05 08:19:55,951378,951762,2020-05-05 08:19:55.890
2020-05-05 08:19:56,951383,951761,2020-05-05 08:19:56.175
2020-05-05 08:19:56,951383,951761,2020-05-05 08:19:56.453
2020-05-05 08:19:56,951384,951762,2020-05-05 08:19:56.723
2020-05-05 08:19:57,951389,951762,2020-05-05 08:19:56.989
2020-05-05 08:19:57,951389,951762,2020-05-05 08:19:57.263
2020-05-05 08:19:57,951389,951762,2020-05-05 08:19:57.536
2020-05-05 08:19:57,951390,951762,2020-05-05 08:19:57.797
2020-05-05 08:19:58,951391,951741,2020-05-05 08:19:58.132
2020-05-05 08:19:58,951391,951741,2020-05-05 08:19:58.506
2020-05-05 08:19:58,951392,951741,2020-05-05 08:19:58.819
2020-05-05 08:19:59,951396,951741,2020-05-05 08:19:59.104
2020-05-05 08:19:59,951397,951741,2020-05-05 08:19:59.370
2020-05-05 08:19:59,951398,951741,2020-05-05 08:19:59.631
2020-05-05 08:20:00,951398,951762,2020-05-05 08:20:00.008
2020-05-05 08:20:00,951399,951762,2020-05-05 08:20:00.286
2020-05-05 08:20:00,951404,951762,2020-05-05 08:20:00.570
2020-05-05 08:20:00,951404,951762,2020-05-05 08:20:00.827
2020-05-05 08:20:01,951406,951762,2020-05-05 08:20:01.112
2020-05-05 08:20:01,951406,951762,2020-05-05 08:20:01.384
2020-05-05 08:20:01,951427,951762,2020-05-05 08:20:01.809
2020-05-05 08:20:02,951432,951762,2020-05-05 08:20:02.357
2020-05-05 08:20:02,951432,951762,2020-05-05 08:20:02.695
2020-05-05 08:20:02,951433,951762,2020-05-05 08:20:02.985
2020-05-05 08:20:03,951434,951762,2020-05-05 08:20:03.276
2020-05-05 08:20:03,951434,951762,2020-05-05 08:20:03.572
2020-05-05 08:20:03,951439,951762,2020-05-05 08:20:03.883
2020-05-05 08:20:04,951440,951762,2020-05-05 08:20:04.166
2020-05-05 08:20:04,951441,951762,2020-05-05 08:20:04.559
2020-05-05 08:20:04,951446,951762,2020-05-05 08:20:04.823
2020-05-05 08:20:05,951446,951762,2020-05-05 08:20:05.137
2020-05-05 08:20:05,951447,951762,2020-05-05 08:20:05.831
2020-05-05 08:20:06,951467,951762,2020-05-05 08:20:06.131
2020-05-05 08:20:06,951467,951762,2020-05-05 08:20:06.397
2020-05-05 08:20:06,951467,951762,2020-05-05 08:20:06.667
2020-05-05 08:20:06,951474,951762,2020-05-05 08:20:06.955
2020-05-05 08:20:07,951474,951762,2020-05-05 08:20:07.233
2020-05-05 08:20:07,951479,951762,2020-05-05 08:20:07.490
2020-05-05 08:20:07,951479,951762,2020-05-05 08:20:07.766
2020-05-05 08:20:08,951480,951762,2020-05-05 08:20:08.051
2020-05-05 08:20:08,951481,951762,2020-05-05 08:20:08.334
2020-05-05 08:20:08,951481,951762,2020-05-05 08:20:08.837
2020-05-05 08:20:09,951483,951762,2020-05-05 08:20:09.413
2020-05-05 08:20:09,951504,951762,2020-05-05 08:20:09.790
2020-05-05 08:20:10,951509,951762,2020-05-05 08:20:10.057
2020-05-05 08:20:10,951509,951762,2020-05-05 08:20:10.316
2020-05-05 08:20:10,951506,951762,2020-05-05 08:20:10.599
2020-05-05 08:20:10,951511,951762,2020-05-05 08:20:10.969
2020-05-05 08:20:11,951511,951762,2020-05-05 08:20:11.284
2020-05-05 08:20:11,951512,951762,2020-05-05 08:20:11.553
2020-05-05 08:20:11,951513,951762,2020-05-05 08:20:11.842
2020-05-05 08:20:12,951518,951762,2020-05-05 08:20:12.120
2020-05-05 08:20:12,951518,951762,2020-05-05 08:20:12.378
2020-05-05 08:20:12,951519,951762,2020-05-05 08:20:12.635
2020-05-05 08:20:12,951519,951762,2020-05-05 08:20:12.910
2020-05-05 08:20:13,951520,951762,2020-05-05 08:20:13.187
2020-05-05 08:20:13,951520,951762,2020-05-05 08:20:13.543
2020-05-05 08:20:13,951540,951762,2020-05-05 08:20:13.865
2020-05-05 08:20:14,951545,951762,2020-05-05 08:20:14.218
2020-05-05 08:20:14,951546,951762,2020-05-05 08:20:14.485
2020-05-05 08:20:14,951546,951762,2020-05-05 08:20:14.751
2020-05-05 08:20:15,951551,951762,2020-05-05 08:20:15.034
2020-05-05 08:20:15,951551,951762,2020-05-05 08:20:15.373
2020-05-05 08:20:15,951552,951940,2020-05-05 08:20:15.640
2020-05-05 08:20:15,951552,951940,2020-05-05 08:20:15.948
2020-05-05 08:20:16,951552,951940,2020-05-05 08:20:16.419
2020-05-05 08:20:16,951558,951958,2020-05-05 08:20:16.723
2020-05-05 08:20:17,951559,951958,2020-05-05 08:20:17.018
2020-05-05 08:20:17,951579,951958,2020-05-05 08:20:17.302
2020-05-05 08:20:17,951580,951958,2020-05-05 08:20:17.573
2020-05-05 08:20:17,951580,951958,2020-05-05 08:20:17.860
2020-05-05 08:20:18,951580,951958,2020-05-05 08:20:18.116
2020-05-05 08:20:18,951585,951958,2020-05-05 08:20:18.426
2020-05-05 08:20:18,951585,951958,2020-05-05 08:20:18.698
2020-05-05 08:20:19,951586,951958,2020-05-05 08:20:19.015
2020-05-05 08:20:19,951591,951958,2020-05-05 08:20:19.300
2020-05-05 08:20:19,951591,951958,2020-05-05 08:20:19.601
2020-05-05 08:20:19,951592,951958,2020-05-05 08:20:19.931
2020-05-05 08:20:20,951597,951958,2020-05-05 08:20:20.224
2020-05-05 08:20:20,951598,951958,2020-05-05 08:20:20.496
2020-05-05 08:20:20,951598,951958,2020-05-05 08:20:20.760
2020-05-05 08:20:21,951621,951958,2020-05-05 08:20:21.163
2020-05-05 08:20:21,951621,951958,2020-05-05 08:20:21.578
2020-05-05 08:20:21,951621,951958,2020-05-05 08:20:21.853
2020-05-05 08:20:22,951621,951958,2020-05-05 08:20:22.505
2020-05-05 08:20:23,951621,951958,2020-05-05 08:20:23.021
2020-05-05 08:20:23,951621,951958,2020-05-05 08:20:23.521
2020-05-05 08:20:23,951626,951958,2020-05-05 08:20:23.801
2020-05-05 08:20:24,951634,951958,2020-05-05 08:20:24.084
2020-05-05 08:20:24,951634,951958,2020-05-05 08:20:24.391
2020-05-05 08:20:24,951635,951958,2020-05-05 08:20:24.783
2020-05-05 08:20:25,951700,951937,2020-05-05 08:20:25.134
2020-05-05 08:20:25,951700,951937,2020-05-05 08:20:25.408
2020-05-05 08:20:25,951696,951937,2020-05-05 08:20:25.720
2020-05-05 08:20:26,951710,951937,2020-05-05 08:20:26.032
2020-05-05 08:20:26,951710,951937,2020-05-05 08:20:26.547
2020-05-05 08:20:26,951705,951937,2020-05-05 08:20:26.978
2020-05-05 08:20:27,951703,951992,2020-05-05 08:20:27.252
2020-05-05 08:20:27,951703,951992,2020-05-05 08:20:27.536
2020-05-05 08:20:28,951706,951992,2020-05-05 08:20:28.394
2020-05-05 08:20:28,951712,951992,2020-05-05 08:20:28.661
2020-05-05 08:20:28,951713,951992,2020-05-05 08:20:28.978
2020-05-05 08:20:29,951713,951992,2020-05-05 08:20:29.252
2020-05-05 08:20:29,951714,951992,2020-05-05 08:20:29.504
2020-05-05 08:20:29,951714,951992,2020-05-05 08:20:29.825
2020-05-05 08:20:30,951718,951992,2020-05-05 08:20:30.234
2020-05-05 08:20:30,951720,951999,2020-05-05 08:20:30.690
2020-05-05 08:20:31,951722,952000,2020-05-05 08:20:31.088
2020-05-05 08:20:31,951742,952000,2020-05-05 08:20:31.340
2020-05-05 08:20:31,951743,952000,2020-05-05 08:20:31.622
2020-05-05 08:20:31,951743,952000,2020-05-05 08:20:31.883
2020-05-05 08:20:32,951743,952000,2020-05-05 08:20:32.144
2020-05-05 08:20:32,951749,952000,2020-05-05 08:20:32.460
2020-05-05 08:20:32,951754,952000,2020-05-05 08:20:32.740
2020-05-05 08:20:33,951754,952000,2020-05-05 08:20:33.041
2020-05-05 08:20:33,951755,952000,2020-05-05 08:20:33.366
2020-05-05 08:20:33,951755,952000,2020-05-05 08:20:33.634
2020-05-05 08:20:33,951760,952000,2020-05-05 08:20:33.895
2020-05-05 08:20:34,951760,952000,2020-05-05 08:20:34.207
2020-05-05 08:20:34,951764,952000,2020-05-05 08:20:34.474
2020-05-05 08:20:34,951769,952000,2020-05-05 08:20:34.772
2020-05-05 08:20:35,951790,952000,2020-05-05 08:20:35.057
2020-05-05 08:20:35,951796,952000,2020-05-05 08:20:35.846
2020-05-05 08:20:36,951796,952000,2020-05-05 08:20:36.160
2020-05-05 08:20:36,951801,952000,2020-05-05 08:20:36.472
2020-05-05 08:20:36,951801,952000,2020-05-05 08:20:36.737
2020-05-05 08:20:37,951801,952000,2020-05-05 08:20:37.011
2020-05-05 08:20:37,951803,952000,2020-05-05 08:20:37.289
2020-05-05 08:20:37,951805,952000,2020-05-05 08:20:37.570
2020-05-05 08:20:37,951806,952000,2020-05-05 08:20:37.898
2020-05-05 08:20:38,951810,952000,2020-05-05 08:20:38.538
2020-05-05 08:20:38,951811,952000,2020-05-05 08:20:38.801
2020-05-05 08:20:39,951813,952000,2020-05-05 08:20:39.362
2020-05-05 08:20:39,951817,952000,2020-05-05 08:20:39.664
2020-05-05 08:20:40,951823,952000,2020-05-05 08:20:40.083
2020-05-05 08:20:40,951823,952000,2020-05-05 08:20:40.417
2020-05-05 08:20:40,951825,952000,2020-05-05 08:20:40.686
2020-05-05 08:20:41,951825,952000,2020-05-05 08:20:41.013
2020-05-05 08:20:41,951827,952000,2020-05-05 08:20:41.293
2020-05-05 08:20:41,951827,952000,2020-05-05 08:20:41.573
2020-05-05 08:20:42,951827,952000,2020-05-05 08:20:42.093
2020-05-05 08:20:42,951823,951827,2020-05-05 08:20:42.348
2020-05-05 08:20:42,951707,951827,2020-05-05 08:20:42.610
2020-05-05 08:20:42,951700,951707,2020-05-05 08:20:42.888
2020-05-05 08:20:43,951700,951827,2020-05-05 08:20:43.151
2020-05-05 08:20:43,951700,951934,2020-05-05 08:20:43.483
2020-05-05 08:20:43,951700,951929,2020-05-05 08:20:43.836
2020-05-05 08:20:44,951700,951929,2020-05-05 08:20:44.092
2020-05-05 08:20:44,951700,951929,2020-05-05 08:20:44.389
2020-05-05 08:20:44,951700,951929,2020-05-05 08:20:44.851
2020-05-05 08:20:45,951406,951895,2020-05-05 08:20:45.109
2020-05-05 08:20:45,951406,951895,2020-05-05 08:20:45.409
2020-05-05 08:20:45,951211,951662,2020-05-05 08:20:45.671
2020-05-05 08:20:45,951211,951662,2020-05-05 08:20:45.941
2020-05-05 08:20:46,951211,951634,2020-05-05 08:20:46.322
2020-05-05 08:20:46,951211,951254,2020-05-05 08:20:46.616
2020-05-05 08:20:46,951360,951629,2020-05-05 08:20:46.913
2020-05-05 08:20:47,951360,951629,2020-05-05 08:20:47.250
2020-05-05 08:20:47,951360,951629,2020-05-05 08:20:47.511
2020-05-05 08:20:47,951263,951627,2020-05-05 08:20:47.795
2020-05-05 08:20:48,951263,951627,2020-05-05 08:20:48.104
2020-05-05 08:20:48,951284,951624,2020-05-05 08:20:48.373
2020-05-05 08:20:48,951285,951624,2020-05-05 08:20:48.662
2020-05-05 08:20:48,951289,951624,2020-05-05 08:20:48.923
2020-05-05 08:20:49,951289,951624,2020-05-05 08:20:49.194
2020-05-05 08:20:49,951290,951623,2020-05-05 08:20:49.458
2020-05-05 08:20:49,951290,951619,2020-05-05 08:20:49.734
2020-05-05 08:20:50,951290,951619,2020-05-05 08:20:50.025
2020-05-05 08:20:50,951290,951619,2020-05-05 08:20:50.282
2020-05-05 08:20:50,951295,951619,2020-05-05 08:20:50.630
2020-05-05 08:20:50,951295,951618,2020-05-05 08:20:50.893
2020-05-05 08:20:51,951296,951617,2020-05-05 08:20:51.275
2020-05-05 08:20:51,951301,951617,2020-05-05 08:20:51.555
2020-05-05 08:20:51,951301,951612,2020-05-05 08:20:51.831
2020-05-05 08:20:52,951211,951612,2020-05-05 08:20:52.135
2020-05-05 08:20:52,951307,951610,2020-05-05 08:20:52.751
2020-05-05 08:20:53,951328,951609,2020-05-05 08:20:53.025
2020-05-05 08:20:53,951328,951604,2020-05-05 08:20:53.328
2020-05-05 08:20:53,951328,951604,2020-05-05 08:20:53.621
2020-05-05 08:20:53,951328,951602,2020-05-05 08:20:53.910
2020-05-05 08:20:54,951328,951598,2020-05-05 08:20:54.210
2020-05-05 08:20:54,951303,951598,2020-05-05 08:20:54.530
2020-05-05 08:20:54,951303,951596,2020-05-05 08:20:54.811
2020-05-05 08:20:55,951303,951596,2020-05-05 08:20:55.115
2020-05-05 08:20:55,951211,951596,2020-05-05 08:20:55.399
2020-05-05 08:20:55,951212,951595,2020-05-05 08:20:55.829
2020-05-05 08:20:56,951213,951590,2020-05-05 08:20:56.083
2020-05-05 08:20:56,951213,951590,2020-05-05 08:20:56.368
2020-05-05 08:20:56,951234,951588,2020-05-05 08:20:56.716
2020-05-05 08:20:56,951234,951588,2020-05-05 08:20:56.987
2020-05-05 08:20:57,951234,951587,2020-05-05 08:20:57.255
2020-05-05 08:20:57,951235,951587,2020-05-05 08:20:57.514
2020-05-05 08:20:57,951235,951588,2020-05-05 08:20:57.796
2020-05-05 08:20:58,951234,951585,2020-05-05 08:20:58.068
2020-05-05 08:20:58,951234,951585,2020-05-05 08:20:58.336
2020-05-05 08:20:58,951234,951585,2020-05-05 08:20:58.600
2020-05-05 08:20:58,951234,951585,2020-05-05 08:20:58.911
2020-05-05 08:20:59,951234,951584,2020-05-05 08:20:59.208
2020-05-05 08:20:59,951234,951581,2020-05-05 08:20:59.474
2020-05-05 08:20:59,951234,951581,2020-05-05 08:20:59.735
2020-05-05 08:21:00,951211,951575,2020-05-05 08:21:00.058
2020-05-05 08:21:00,951211,951575,2020-05-05 08:21:00.380
2020-05-05 08:21:00,951211,951574,2020-05-05 08:21:00.646
2020-05-05 08:21:01,951211,951573,2020-05-05 08:21:01.080
2020-05-05 08:21:01,951211,951568,2020-05-05 08:21:01.387
2020-05-05 08:21:01,951256,951568,2020-05-05 08:21:01.655
2020-05-05 08:21:01,951257,951563,2020-05-05 08:21:01.934
2020-05-05 08:21:02,951257,951563,2020-05-05 08:21:02.258
2020-05-05 08:21:02,951257,951562,2020-05-05 08:21:02.560
2020-05-05 08:21:02,951257,951562,2020-05-05 08:21:02.876
2020-05-05 08:21:03,951257,951561,2020-05-05 08:21:03.170
2020-05-05 08:21:03,951257,951561,2020-05-05 08:21:03.456
2020-05-05 08:21:03,951257,951560,2020-05-05 08:21:03.718
2020-05-05 08:21:04,951257,951560,2020-05-05 08:21:04.023
2020-05-05 08:21:04,951257,951599,2020-05-05 08:21:04.476
2020-05-05 08:21:04,951212,951628,2020-05-05 08:21:04.745
2020-05-05 08:21:05,951212,951628,2020-05-05 08:21:05.012
2020-05-05 08:21:05,951213,951622,2020-05-05 08:21:05.288
2020-05-05 08:21:05,951213,951622,2020-05-05 08:21:05.594
2020-05-05 08:21:05,951213,951622,2020-05-05 08:21:05.867
2020-05-05 08:21:06,951213,951622,2020-05-05 08:21:06.135
2020-05-05 08:21:06,951234,951622,2020-05-05 08:21:06.416
2020-05-05 08:21:06,951235,951617,2020-05-05 08:21:06.681
2020-05-05 08:21:07,951235,951617,2020-05-05 08:21:07.027
2020-05-05 08:21:07,951235,951617,2020-05-05 08:21:07.296
2020-05-05 08:21:07,951241,951615,2020-05-05 08:21:07.564
2020-05-05 08:21:07,951242,951615,2020-05-05 08:21:07.839
2020-05-05 08:21:08,951242,951615,2020-05-05 08:21:08.122
2020-05-05 08:21:08,951242,951615,2020-05-05 08:21:08.399
2020-05-05 08:21:08,951242,951615,2020-05-05 08:21:08.660
2020-05-05 08:21:09,951242,951615,2020-05-05 08:21:09.005
2020-05-05 08:21:09,951242,951615,2020-05-05 08:21:09.305
2020-05-05 08:21:09,951242,951615,2020-05-05 08:21:09.666
2020-05-05 08:21:09,951259,951616,2020-05-05 08:21:09.993
2020-05-05 08:21:10,951259,951616,2020-05-05 08:21:10.275
2020-05-05 08:21:10,951280,951614,2020-05-05 08:21:10.601
2020-05-05 08:21:10,951280,951614,2020-05-05 08:21:10.904
2020-05-05 08:21:11,951281,951610,2020-05-05 08:21:11.189
2020-05-05 08:21:11,951281,951611,2020-05-05 08:21:11.486
2020-05-05 08:21:12,951281,951611,2020-05-05 08:21:12.000
2020-05-05 08:21:12,951281,951606,2020-05-05 08:21:12.286
2020-05-05 08:21:12,951281,951606,2020-05-05 08:21:12.646
2020-05-05 08:21:12,951287,951605,2020-05-05 08:21:12.924
2020-05-05 08:21:13,951287,951605,2020-05-05 08:21:13.269
2020-05-05 08:21:13,951288,951604,2020-05-05 08:21:13.617
2020-05-05 08:21:14,951288,951661,2020-05-05 08:21:14.061
2020-05-05 08:21:14,951288,951661,2020-05-05 08:21:14.351
2020-05-05 08:21:15,951309,951661,2020-05-05 08:21:15.161
2020-05-05 08:21:15,951310,951654,2020-05-05 08:21:15.421
2020-05-05 08:21:15,951310,951654,2020-05-05 08:21:15.725
2020-05-05 08:21:15,951310,951653,2020-05-05 08:21:15.997
2020-05-05 08:21:16,951310,951667,2020-05-05 08:21:16.297
2020-05-05 08:21:16,951310,951667,2020-05-05 08:21:16.564
2020-05-05 08:21:16,951310,951667,2020-05-05 08:21:16.825
2020-05-05 08:21:17,951311,951666,2020-05-05 08:21:17.112
2020-05-05 08:21:17,951211,951660,2020-05-05 08:21:17.560
2020-05-05 08:21:17,951211,951665,2020-05-05 08:21:17.834
2020-05-05 08:21:18,951211,951665,2020-05-05 08:21:18.124
2020-05-05 08:21:18,951213,951652,2020-05-05 08:21:18.419
2020-05-05 08:21:18,951232,951533,2020-05-05 08:21:18.708
2020-05-05 08:21:19,951233,951528,2020-05-05 08:21:19.003
2020-05-05 08:21:19,951233,951528,2020-05-05 08:21:19.328
2020-05-05 08:21:19,951233,951528,2020-05-05 08:21:19.604
2020-05-05 08:21:20,951234,951528,2020-05-05 08:21:20.028
2020-05-05 08:21:20,951234,951528,2020-05-05 08:21:20.292
2020-05-05 08:21:20,951235,951619,2020-05-05 08:21:20.562
2020-05-05 08:21:20,951235,951644,2020-05-05 08:21:20.858
2020-05-05 08:21:21,951236,951644,2020-05-05 08:21:21.239
2020-05-05 08:21:21,951241,951642,2020-05-05 08:21:21.557
2020-05-05 08:21:21,951241,951642,2020-05-05 08:21:21.876
2020-05-05 08:21:22,951242,951640,2020-05-05 08:21:22.148
2020-05-05 08:21:22,951262,951639,2020-05-05 08:21:22.431
2020-05-05 08:21:22,951262,951648,2020-05-05 08:21:22.695
2020-05-05 08:21:22,951263,951634,2020-05-05 08:21:22.996
2020-05-05 08:21:23,951263,951634,2020-05-05 08:21:23.282
2020-05-05 08:21:23,951263,951638,2020-05-05 08:21:23.547
2020-05-05 08:21:23,951263,951638,2020-05-05 08:21:23.815
2020-05-05 08:21:24,951264,951633,2020-05-05 08:21:24.103
2020-05-05 08:21:24,951269,951633,2020-05-05 08:21:24.513
2020-05-05 08:21:25,951269,951633,2020-05-05 08:21:25.150
2020-05-05 08:21:25,951270,951629,2020-05-05 08:21:25.568
2020-05-05 08:21:25,951271,951628,2020-05-05 08:21:25.874
2020-05-05 08:21:26,951271,951608,2020-05-05 08:21:26.153
2020-05-05 08:21:26,951270,951577,2020-05-05 08:21:26.435
2020-05-05 08:21:26,951270,951577,2020-05-05 08:21:26.692
2020-05-05 08:21:27,951250,951572,2020-05-05 08:21:27.054
2020-05-05 08:21:27,951250,951571,2020-05-05 08:21:27.334
2020-05-05 08:21:27,951250,951571,2020-05-05 08:21:27.630
2020-05-05 08:21:27,951251,951571,2020-05-05 08:21:27.913
2020-05-05 08:21:28,951251,951571,2020-05-05 08:21:28.201
2020-05-05 08:21:28,951251,951571,2020-05-05 08:21:28.503
2020-05-05 08:21:28,951212,951571,2020-05-05 08:21:28.919
2020-05-05 08:21:29,951212,951568,2020-05-05 08:21:29.208
2020-05-05 08:21:29,951212,951568,2020-05-05 08:21:29.529
2020-05-05 08:21:29,951213,951542,2020-05-05 08:21:29.967
2020-05-05 08:21:30,951214,951541,2020-05-05 08:21:30.255
2020-05-05 08:21:30,951214,951537,2020-05-05 08:21:30.563
2020-05-05 08:21:30,951214,951536,2020-05-05 08:21:30.834
2020-05-05 08:21:31,951214,951536,2020-05-05 08:21:31.130
2020-05-05 08:21:31,951214,951536,2020-05-05 08:21:31.411
2020-05-05 08:21:31,951214,951534,2020-05-05 08:21:31.709
2020-05-05 08:21:31,951214,951534,2020-05-05 08:21:31.982
2020-05-05 08:21:32,951214,951534,2020-05-05 08:21:32.246
2020-05-05 08:21:32,951214,951531,2020-05-05 08:21:32.528
2020-05-05 08:21:32,951214,951531,2020-05-05 08:21:32.858
2020-05-05 08:21:33,951214,951535,2020-05-05 08:21:33.236
2020-05-05 08:21:33,951214,951535,2020-05-05 08:21:33.510
2020-05-05 08:21:33,951242,951535,2020-05-05 08:21:33.793
2020-05-05 08:21:34,951242,951535,2020-05-05 08:21:34.247
2020-05-05 08:21:34,951243,951608,2020-05-05 08:21:34.518
2020-05-05 08:21:35,951248,951564,2020-05-05 08:21:35.205
2020-05-05 08:21:35,951248,951564,2020-05-05 08:21:35.500
2020-05-05 08:21:35,951249,951564,2020-05-05 08:21:35.760
2020-05-05 08:21:36,951248,951564,2020-05-05 08:21:36.294
2020-05-05 08:21:36,951249,951605,2020-05-05 08:21:36.573
2020-05-05 08:21:37,951254,951607,2020-05-05 08:21:37.042
2020-05-05 08:21:37,951255,951608,2020-05-05 08:21:37.318
2020-05-05 08:21:37,951255,951608,2020-05-05 08:21:37.584
2020-05-05 08:21:37,951255,951587,2020-05-05 08:21:37.854
2020-05-05 08:21:38,951260,951586,2020-05-05 08:21:38.124
2020-05-05 08:21:38,951260,951582,2020-05-05 08:21:38.438
2020-05-05 08:21:38,951211,951582,2020-05-05 08:21:38.715
2020-05-05 08:21:39,951227,951581,2020-05-05 08:21:39.024
2020-05-05 08:21:39,951227,951581,2020-05-05 08:21:39.477
2020-05-05 08:21:39,951211,951581,2020-05-05 08:21:39.786
2020-05-05 08:21:40,951212,951579,2020-05-05 08:21:40.072
2020-05-05 08:21:40,951212,951579,2020-05-05 08:21:40.380
2020-05-05 08:21:40,951212,951579,2020-05-05 08:21:40.651
2020-05-05 08:21:40,951217,951604,2020-05-05 08:21:40.922
2020-05-05 08:21:41,951217,951577,2020-05-05 08:21:41.330
2020-05-05 08:21:41,951444,951626,2020-05-05 08:21:41.619
2020-05-05 08:21:42,951444,951626,2020-05-05 08:21:42.090
2020-05-05 08:21:42,951444,951624,2020-05-05 08:21:42.341
2020-05-05 08:21:42,951444,951620,2020-05-05 08:21:42.643
2020-05-05 08:21:42,951444,951620,2020-05-05 08:21:42.925
2020-05-05 08:21:43,951444,951619,2020-05-05 08:21:43.277
2020-05-05 08:21:43,951444,951619,2020-05-05 08:21:43.691
2020-05-05 08:21:43,951444,951614,2020-05-05 08:21:43.964
2020-05-05 08:21:44,951444,951624,2020-05-05 08:21:44.240
2020-05-05 08:21:44,951444,951624,2020-05-05 08:21:44.533
2020-05-05 08:21:44,951444,951613,2020-05-05 08:21:44.805
2020-05-05 08:21:45,951444,951613,2020-05-05 08:21:45.113
2020-05-05 08:21:45,951444,951625,2020-05-05 08:21:45.430
2020-05-05 08:21:45,951444,951625,2020-05-05 08:21:45.722
2020-05-05 08:21:46,951444,951625,2020-05-05 08:21:45.996
2020-05-05 08:21:46,951444,951625,2020-05-05 08:21:46.331
2020-05-05 08:21:46,951444,951625,2020-05-05 08:21:46.603
2020-05-05 08:21:46,951444,951662,2020-05-05 08:21:46.934
2020-05-05 08:21:47,951444,951641,2020-05-05 08:21:47.211
2020-05-05 08:21:47,951444,951640,2020-05-05 08:21:47.486
2020-05-05 08:21:47,951444,951640,2020-05-05 08:21:47.759
2020-05-05 08:21:48,951444,951636,2020-05-05 08:21:48.016
2020-05-05 08:21:48,951279,951583,2020-05-05 08:21:48.328
2020-05-05 08:21:48,951279,951583,2020-05-05 08:21:48.607
2020-05-05 08:21:48,951042,951582,2020-05-05 08:21:48.874
2020-05-05 08:21:49,951018,951578,2020-05-05 08:21:49.269
2020-05-05 08:21:49,951018,951577,2020-05-05 08:21:49.537
2020-05-05 08:21:49,951017,951501,2020-05-05 08:21:49.830
2020-05-05 08:21:50,951019,951428,2020-05-05 08:21:50.123
2020-05-05 08:21:50,951020,951464,2020-05-05 08:21:50.386
2020-05-05 08:21:50,951012,951297,2020-05-05 08:21:50.765
2020-05-05 08:21:51,951033,951297,2020-05-05 08:21:51.052
2020-05-05 08:21:51,951033,951296,2020-05-05 08:21:51.391
2020-05-05 08:21:51,951033,951489,2020-05-05 08:21:51.669
2020-05-05 08:21:51,951033,951295,2020-05-05 08:21:51.945
2020-05-05 08:21:52,951034,951487,2020-05-05 08:21:52.218
2020-05-05 08:21:52,951034,951482,2020-05-05 08:21:52.538
2020-05-05 08:21:52,951034,951482,2020-05-05 08:21:52.822
2020-05-05 08:21:53,951034,951480,2020-05-05 08:21:53.097
2020-05-05 08:21:53,951034,951480,2020-05-05 08:21:53.363
2020-05-05 08:21:53,951034,951480,2020-05-05 08:21:53.681
2020-05-05 08:21:53,951034,951474,2020-05-05 08:21:53.973
2020-05-05 08:21:54,951035,951474,2020-05-05 08:21:54.297
2020-05-05 08:21:54,951035,951256,2020-05-05 08:21:54.587
2020-05-05 08:21:54,951036,951256,2020-05-05 08:21:54.860
2020-05-05 08:21:55,951036,951256,2020-05-05 08:21:55.235
2020-05-05 08:21:55,951057,951468,2020-05-05 08:21:55.631
2020-05-05 08:21:55,951057,951463,2020-05-05 08:21:55.922
2020-05-05 08:21:56,951057,951463,2020-05-05 08:21:56.218
2020-05-05 08:21:56,951057,951463,2020-05-05 08:21:56.693
2020-05-05 08:21:57,951057,951461,2020-05-05 08:21:57.052
2020-05-05 08:21:57,951057,951460,2020-05-05 08:21:57.323
2020-05-05 08:21:57,951058,951456,2020-05-05 08:21:57.583
2020-05-05 08:21:57,951059,951456,2020-05-05 08:21:57.855
2020-05-05 08:21:58,951060,951454,2020-05-05 08:21:58.128
2020-05-05 08:21:58,951060,951454,2020-05-05 08:21:58.405
2020-05-05 08:21:58,951061,951257,2020-05-05 08:21:58.850
2020-05-05 08:21:59,951061,951257,2020-05-05 08:21:59.129
2020-05-05 08:21:59,951067,951257,2020-05-05 08:21:59.398
2020-05-05 08:21:59,951067,951448,2020-05-05 08:21:59.671
2020-05-05 08:21:59,951067,951449,2020-05-05 08:21:59.938
2020-05-05 08:22:00,951067,951449,2020-05-05 08:22:00.195
2020-05-05 08:22:00,951067,951449,2020-05-05 08:22:00.510
2020-05-05 08:22:00,951067,951442,2020-05-05 08:22:00.797
2020-05-05 08:22:01,951088,951442,2020-05-05 08:22:01.066
2020-05-05 08:22:01,951088,951442,2020-05-05 08:22:01.438
2020-05-05 08:22:01,951088,951442,2020-05-05 08:22:01.712
2020-05-05 08:22:02,951088,951441,2020-05-05 08:22:02.012
2020-05-05 08:22:02,951094,951437,2020-05-05 08:22:02.292
2020-05-05 08:22:02,951094,951264,2020-05-05 08:22:02.566
2020-05-05 08:22:02,951094,951264,2020-05-05 08:22:02.828
2020-05-05 08:22:03,951094,951264,2020-05-05 08:22:03.124
2020-05-05 08:22:03,951094,951264,2020-05-05 08:22:03.474
2020-05-05 08:22:03,951094,951433,2020-05-05 08:22:03.770
2020-05-05 08:22:04,951094,951430,2020-05-05 08:22:04.050
2020-05-05 08:22:04,951094,951430,2020-05-05 08:22:04.340
2020-05-05 08:22:04,951094,951430,2020-05-05 08:22:04.640
2020-05-05 08:22:04,951068,951430,2020-05-05 08:22:04.964
2020-05-05 08:22:05,951074,951425,2020-05-05 08:22:05.270
2020-05-05 08:22:05,951058,951408,2020-05-05 08:22:05.568
2020-05-05 08:22:05,951075,951261,2020-05-05 08:22:05.843
2020-05-05 08:22:06,950915,951261,2020-05-05 08:22:06.148
2020-05-05 08:22:06,950915,951261,2020-05-05 08:22:06.492
2020-05-05 08:22:06,950916,951381,2020-05-05 08:22:06.786
2020-05-05 08:22:07,951077,951260,2020-05-05 08:22:07.104
2020-05-05 08:22:07,950916,951380,2020-05-05 08:22:07.384
2020-05-05 08:22:07,950916,951380,2020-05-05 08:22:07.638
2020-05-05 08:22:07,951006,951375,2020-05-05 08:22:07.939
2020-05-05 08:22:08,951006,951375,2020-05-05 08:22:08.226
2020-05-05 08:22:08,950916,951372,2020-05-05 08:22:08.549
2020-05-05 08:22:08,950968,951372,2020-05-05 08:22:08.826
2020-05-05 08:22:09,950968,951372,2020-05-05 08:22:09.092
2020-05-05 08:22:09,950968,951367,2020-05-05 08:22:09.377
2020-05-05 08:22:09,950968,951188,2020-05-05 08:22:09.695
2020-05-05 08:22:09,950916,951188,2020-05-05 08:22:09.966
2020-05-05 08:22:10,950879,951188,2020-05-05 08:22:10.237
2020-05-05 08:22:10,950879,951188,2020-05-05 08:22:10.535
2020-05-05 08:22:10,950791,951188,2020-05-05 08:22:10.789
2020-05-05 08:22:11,950791,951187,2020-05-05 08:22:11.050
2020-05-05 08:22:11,950655,951172,2020-05-05 08:22:11.550
2020-05-05 08:22:11,950654,951171,2020-05-05 08:22:11.826
2020-05-05 08:22:12,950672,951167,2020-05-05 08:22:12.139
2020-05-05 08:22:12,950654,951165,2020-05-05 08:22:12.607
2020-05-05 08:22:12,950654,951165,2020-05-05 08:22:12.867
2020-05-05 08:22:13,950654,951039,2020-05-05 08:22:13.148
2020-05-05 08:22:13,950654,951039,2020-05-05 08:22:13.471
2020-05-05 08:22:13,950654,951004,2020-05-05 08:22:13.738
2020-05-05 08:22:14,950654,951004,2020-05-05 08:22:14.005
2020-05-05 08:22:14,950654,951004,2020-05-05 08:22:14.324
2020-05-05 08:22:14,950654,951003,2020-05-05 08:22:14.601
2020-05-05 08:22:14,950654,950790,2020-05-05 08:22:14.879
2020-05-05 08:22:15,950654,950789,2020-05-05 08:22:15.144
2020-05-05 08:22:15,950653,950789,2020-05-05 08:22:15.431
2020-05-05 08:22:15,950653,950789,2020-05-05 08:22:15.688
2020-05-05 08:22:15,950652,950785,2020-05-05 08:22:15.946
2020-05-05 08:22:16,950652,950783,2020-05-05 08:22:16.245
2020-05-05 08:22:16,950652,950721,2020-05-05 08:22:16.684
2020-05-05 08:22:16,950600,950721,2020-05-05 08:22:16.941
2020-05-05 08:22:17,950321,950514,2020-05-05 08:22:17.323
2020-05-05 08:22:17,950320,950513,2020-05-05 08:22:17.599
2020-05-05 08:22:17,950178,950321,2020-05-05 08:22:17.906
2020-05-05 08:22:18,950178,950509,2020-05-05 08:22:18.184
2020-05-05 08:22:18,949832,950509,2020-05-05 08:22:18.537
2020-05-05 08:22:18,949832,950319,2020-05-05 08:22:18.819
2020-05-05 08:22:19,949834,950279,2020-05-05 08:22:19.142
2020-05-05 08:22:19,949832,950262,2020-05-05 08:22:19.556
2020-05-05 08:22:19,950167,950178,2020-05-05 08:22:19.845
2020-05-05 08:22:20,950167,950178,2020-05-05 08:22:20.126
2020-05-05 08:22:20,949784,950177,2020-05-05 08:22:20.410
2020-05-05 08:22:20,949954,950129,2020-05-05 08:22:20.712
2020-05-05 08:22:21,949954,950129,2020-05-05 08:22:21.006
2020-05-05 08:22:21,949954,950124,2020-05-05 08:22:21.293
2020-05-05 08:22:21,949954,950092,2020-05-05 08:22:21.553
2020-05-05 08:22:21,949927,949954,2020-05-05 08:22:21.811
2020-05-05 08:22:22,949927,950022,2020-05-05 08:22:22.085
2020-05-05 08:22:22,949927,950022,2020-05-05 08:22:22.381
2020-05-05 08:22:22,949927,950022,2020-05-05 08:22:22.703
2020-05-05 08:22:23,949801,950017,2020-05-05 08:22:23.026
2020-05-05 08:22:23,949822,949927,2020-05-05 08:22:23.324
2020-05-05 08:22:23,949822,949927,2020-05-05 08:22:23.615
2020-05-05 08:22:23,949822,949927,2020-05-05 08:22:23.938
2020-05-05 08:22:24,949823,949927,2020-05-05 08:22:24.196
2020-05-05 08:22:24,949823,949927,2020-05-05 08:22:24.504
2020-05-05 08:22:24,949823,949972,2020-05-05 08:22:24.851
2020-05-05 08:22:25,949823,950176,2020-05-05 08:22:25.170
2020-05-05 08:22:25,949824,950176,2020-05-05 08:22:25.462
2020-05-05 08:22:25,950176,950244,2020-05-05 08:22:25.749
2020-05-05 08:22:26,950176,950254,2020-05-05 08:22:26.010
2020-05-05 08:22:26,950176,950254,2020-05-05 08:22:26.291
2020-05-05 08:22:26,950176,950255,2020-05-05 08:22:26.552
2020-05-05 08:22:26,949959,950255,2020-05-05 08:22:26.841
2020-05-05 08:22:27,949980,950000,2020-05-05 08:22:27.131
2020-05-05 08:22:27,949980,950000,2020-05-05 08:22:27.431
2020-05-05 08:22:27,949980,950176,2020-05-05 08:22:27.714
2020-05-05 08:22:28,950116,950170,2020-05-05 08:22:28.016
2020-05-05 08:22:28,950116,950170,2020-05-05 08:22:28.297
2020-05-05 08:22:28,950116,950170,2020-05-05 08:22:28.582
2020-05-05 08:22:28,950121,950170,2020-05-05 08:22:28.857
2020-05-05 08:22:29,950121,950170,2020-05-05 08:22:29.192
2020-05-05 08:22:29,950121,950255,2020-05-05 08:22:29.485
2020-05-05 08:22:29,950121,950255,2020-05-05 08:22:29.817
2020-05-05 08:22:30,950121,950255,2020-05-05 08:22:30.083
2020-05-05 08:22:30,949995,950255,2020-05-05 08:22:30.374
2020-05-05 08:22:30,949987,950121,2020-05-05 08:22:30.666
2020-05-05 08:22:30,949987,950121,2020-05-05 08:22:30.941
2020-05-05 08:22:31,949928,950121,2020-05-05 08:22:31.324
2020-05-05 08:22:31,949928,950261,2020-05-05 08:22:31.613
2020-05-05 08:22:31,949949,950261,2020-05-05 08:22:31.909
2020-05-05 08:22:32,949949,950255,2020-05-05 08:22:32.191
2020-05-05 08:22:32,949949,950255,2020-05-05 08:22:32.469
2020-05-05 08:22:32,949949,950255,2020-05-05 08:22:32.737
2020-05-05 08:22:33,949949,950255,2020-05-05 08:22:33.135
2020-05-05 08:22:33,949954,950255,2020-05-05 08:22:33.404
2020-05-05 08:22:33,949949,950255,2020-05-05 08:22:33.812
2020-05-05 08:22:34,949954,950255,2020-05-05 08:22:34.237
2020-05-05 08:22:34,949954,950255,2020-05-05 08:22:34.504
2020-05-05 08:22:34,949954,950261,2020-05-05 08:22:34.774
2020-05-05 08:22:35,949955,950261,2020-05-05 08:22:35.049
2020-05-05 08:22:35,949955,950257,2020-05-05 08:22:35.322
2020-05-05 08:22:35,949907,950257,2020-05-05 08:22:35.615
2020-05-05 08:22:35,949908,950257,2020-05-05 08:22:35.937
2020-05-05 08:22:36,949908,950257,2020-05-05 08:22:36.214
2020-05-05 08:22:36,949929,950257,2020-05-05 08:22:36.485
2020-05-05 08:22:36,949929,950257,2020-05-05 08:22:36.783
2020-05-05 08:22:37,949934,950255,2020-05-05 08:22:37.086
2020-05-05 08:22:37,949934,950255,2020-05-05 08:22:37.367
2020-05-05 08:22:37,949936,950256,2020-05-05 08:22:37.642
2020-05-05 08:22:37,949936,950256,2020-05-05 08:22:37.907
2020-05-05 08:22:38,949936,950256,2020-05-05 08:22:38.180
2020-05-05 08:22:38,949940,950256,2020-05-05 08:22:38.471
