timestamp,bid,ask,tick_timestamp
2020-05-05 08:13:36,952185,952181,2020-05-05 08:13:36.009
2020-05-05 08:13:36,952185,952245,2020-05-05 08:13:36.322
2020-05-05 08:13:36,952185,952219,2020-05-05 08:13:36.608
2020-05-05 08:13:36,952111,952219,2020-05-05 08:13:36.929
2020-05-05 08:13:37,952111,952219,2020-05-05 08:13:37.210
2020-05-05 08:13:37,952093,952219,2020-05-05 08:13:37.483
2020-05-05 08:13:37,952093,952219,2020-05-05 08:13:37.751
2020-05-05 08:13:38,952093,952219,2020-05-05 08:13:38.060
2020-05-05 08:13:38,952093,952219,2020-05-05 08:13:38.363
2020-05-05 08:13:38,952093,952219,2020-05-05 08:13:38.620
2020-05-05 08:13:38,952121,952294,2020-05-05 08:13:38.891
2020-05-05 08:13:39,952121,952294,2020-05-05 08:13:39.304
2020-05-05 08:13:39,952121,952294,2020-05-05 08:13:39.651
2020-05-05 08:13:39,952121,952294,2020-05-05 08:13:39.908
2020-05-05 08:13:40,952121,952294,2020-05-05 08:13:40.185
2020-05-05 08:13:40,952121,952294,2020-05-05 08:13:40.488
2020-05-05 08:13:40,952125,952294,2020-05-05 08:13:40.791
2020-05-05 08:13:41,952125,952294,2020-05-05 08:13:41.071
2020-05-05 08:13:41,952125,952294,2020-05-05 08:13:41.362
2020-05-05 08:13:41,952125,952294,2020-05-05 08:13:41.662
2020-05-05 08:13:41,952125,952294,2020-05-05 08:13:41.962
2020-05-05 08:13:42,952125,952294,2020-05-05 08:13:42.240
2020-05-05 08:13:42,952125,952294,2020-05-05 08:13:42.509
2020-05-05 08:13:42,952125,952294,2020-05-05 08:13:42.783
2020-05-05 08:13:43,952125,952294,2020-05-05 08:13:43.060
2020-05-05 08:13:43,952125,952294,2020-05-05 08:13:43.346
2020-05-05 08:13:43,952125,952294,2020-05-05 08:13:43.662
2020-05-05 08:13:43,952129,952294,2020-05-05 08:13:43.960
2020-05-05 08:13:44,952214,952294,2020-05-05 08:13:44.298
2020-05-05 08:13:44,952214,952294,2020-05-05 08:13:44.724
2020-05-05 08:13:44,952214,952294,2020-05-05 08:13:44.989
2020-05-05 08:13:45,952214,952294,2020-05-05 08:13:45.294
2020-05-05 08:13:45,952214,952294,2020-05-05 08:13:45.583
2020-05-05 08:13:45,952214,952294,2020-05-05 08:13:45.961
2020-05-05 08:13:46,952214,952294,2020-05-05 08:13:46.279
2020-05-05 08:13:46,952214,952294,2020-05-05 08:13:46.546
2020-05-05 08:13:46,952214,952294,2020-05-05 08:13:46.843
2020-05-05 08:13:47,952247,952294,2020-05-05 08:13:47.125
2020-05-05 08:13:47,952247,952294,2020-05-05 08:13:47.418
2020-05-05 08:13:47,952247,952294,2020-05-05 08:13:47.945
2020-05-05 08:13:48,952338,952335,2020-05-05 08:13:48.264
2020-05-05 08:13:48,952338,952335,2020-05-05 08:13:48.652
2020-05-05 08:13:49,952247,952401,2020-05-05 08:13:49.093
2020-05-05 08:13:49,952247,952401,2020-05-05 08:13:49.396
2020-05-05 08:13:49,952247,952401,2020-05-05 08:13:49.698
2020-05-05 08:13:49,952247,952401,2020-05-05 08:13:49.963
2020-05-05 08:13:50,952247,952401,2020-05-05 08:13:50.267
2020-05-05 08:13:50,952247,952401,2020-05-05 08:13:50.563
2020-05-05 08:13:50,952247,952401,2020-05-05 08:13:50.891
2020-05-05 08:13:51,952247,952401,2020-05-05 08:13:51.179
2020-05-05 08:13:51,952247,952335,2020-05-05 08:13:51.451
2020-05-05 08:13:51,952247,952335,2020-05-05 08:13:51.823
2020-05-05 08:13:52,952247,952335,2020-05-05 08:13:52.205
2020-05-05 08:13:52,952247,952335,2020-05-05 08:13:52.483
2020-05-05 08:13:52,952247,952242,2020-05-05 08:13:52.753
2020-05-05 08:13:53,952247,952242,2020-05-05 08:13:53.016
2020-05-05 08:13:53,952247,952242,2020-05-05 08:13:53.378
2020-05-05 08:13:53,952247,952242,2020-05-05 08:13:53.649
2020-05-05 08:13:53,952247,952242,2020-05-05 08:13:53.924
2020-05-05 08:13:54,952247,952216,2020-05-05 08:13:54.216
2020-05-05 08:13:54,952247,952216,2020-05-05 08:13:54.494
2020-05-05 08:13:54,952009,952185,2020-05-05 08:13:54.758
2020-05-05 08:13:55,952009,952185,2020-05-05 08:13:55.027
2020-05-05 08:13:55,952009,952185,2020-05-05 08:13:55.445
2020-05-05 08:13:55,952009,952185,2020-05-05 08:13:55.713
2020-05-05 08:13:55,952009,952185,2020-05-05 08:13:55.973
2020-05-05 08:13:56,952009,952185,2020-05-05 08:13:56.347
2020-05-05 08:13:56,952009,952185,2020-05-05 08:13:56.640
2020-05-05 08:13:56,952009,952185,2020-05-05 08:13:56.943
2020-05-05 08:13:57,952009,952185,2020-05-05 08:13:57.231
2020-05-05 08:13:57,952009,952185,2020-05-05 08:13:57.524
2020-05-05 08:13:57,952005,952185,2020-05-05 08:13:57.794
2020-05-05 08:13:58,952005,952185,2020-05-05 08:13:58.060
2020-05-05 08:13:58,952005,952185,2020-05-05 08:13:58.363
2020-05-05 08:13:58,952005,952185,2020-05-05 08:13:58.646
2020-05-05 08:13:59,952005,952185,2020-05-05 08:13:58.948
2020-05-05 08:13:59,952005,952185,2020-05-05 08:13:59.656
2020-05-05 08:13:59,951944,952185,2020-05-05 08:13:59.960
2020-05-05 08:14:00,951944,952185,2020-05-05 08:14:00.229
2020-05-05 08:14:00,951944,952185,2020-05-05 08:14:00.520
2020-05-05 08:14:00,951944,952185,2020-05-05 08:14:00.825
2020-05-05 08:14:01,951944,952185,2020-05-05 08:14:01.148
2020-05-05 08:14:01,951990,952185,2020-05-05 08:14:01.461
2020-05-05 08:14:02,951990,952185,2020-05-05 08:14:02.055
2020-05-05 08:14:02,951990,952185,2020-05-05 08:14:02.316
2020-05-05 08:14:02,951814,952185,2020-05-05 08:14:02.578
2020-05-05 08:14:02,951806,952185,2020-05-05 08:14:02.849
2020-05-05 08:14:03,951806,952173,2020-05-05 08:14:03.244
2020-05-05 08:14:03,951806,952173,2020-05-05 08:14:03.521
2020-05-05 08:14:03,951806,952173,2020-05-05 08:14:03.789
2020-05-05 08:14:04,951800,952173,2020-05-05 08:14:04.082
2020-05-05 08:14:04,951861,952173,2020-05-05 08:14:04.341
2020-05-05 08:14:04,951861,952173,2020-05-05 08:14:04.682
2020-05-05 08:14:05,951861,952173,2020-05-05 08:14:05.516
2020-05-05 08:14:05,951890,952173,2020-05-05 08:14:05.772
2020-05-05 08:14:06,951895,952173,2020-05-05 08:14:06.081
2020-05-05 08:14:06,951895,952171,2020-05-05 08:14:06.346
2020-05-05 08:14:06,951895,952171,2020-05-05 08:14:06.624
2020-05-05 08:14:06,951895,952171,2020-05-05 08:14:06.901
2020-05-05 08:14:07,951895,952171,2020-05-05 08:14:07.167
2020-05-05 08:14:07,951895,952171,2020-05-05 08:14:07.434
2020-05-05 08:14:07,951898,952171,2020-05-05 08:14:07.786
2020-05-05 08:14:08,951898,952171,2020-05-05 08:14:08.038
2020-05-05 08:14:08,951903,952171,2020-05-05 08:14:08.318
2020-05-05 08:14:08,951926,952171,2020-05-05 08:14:08.579
2020-05-05 08:14:08,951926,952173,2020-05-05 08:14:08.864
2020-05-05 08:14:09,952177,952173,2020-05-05 08:14:09.182
2020-05-05 08:14:09,952177,952173,2020-05-05 08:14:09.586
2020-05-05 08:14:09,952177,952173,2020-05-05 08:14:09.945
2020-05-05 08:14:10,952177,952173,2020-05-05 08:14:10.203
2020-05-05 08:14:10,952177,952173,2020-05-05 08:14:10.558
2020-05-05 08:14:10,952177,952173,2020-05-05 08:14:10.831
2020-05-05 08:14:11,952177,952173,2020-05-05 08:14:11.122
2020-05-05 08:14:11,952177,952173,2020-05-05 08:14:11.396
2020-05-05 08:14:11,952177,952173,2020-05-05 08:14:11.706
2020-05-05 08:14:12,952177,952173,2020-05-05 08:14:12.093
2020-05-05 08:14:12,952177,952173,2020-05-05 08:14:12.693
2020-05-05 08:14:13,952177,952173,2020-05-05 08:14:13.076
2020-05-05 08:14:13,952177,952173,2020-05-05 08:14:13.371
2020-05-05 08:14:13,952177,952143,2020-05-05 08:14:13.650
2020-05-05 08:14:13,952177,952143,2020-05-05 08:14:13.937
2020-05-05 08:14:14,952177,952143,2020-05-05 08:14:14.598
2020-05-05 08:14:14,952177,952118,2020-05-05 08:14:14.924
2020-05-05 08:14:15,952177,952118,2020-05-05 08:14:15.203
2020-05-05 08:14:15,951970,951969,2020-05-05 08:14:15.466
2020-05-05 08:14:15,951974,952143,2020-05-05 08:14:15.732
2020-05-05 08:14:16,952156,952173,2020-05-05 08:14:16.034
2020-05-05 08:14:16,952156,952173,2020-05-05 08:14:16.594
2020-05-05 08:14:16,952156,952173,2020-05-05 08:14:16.913
2020-05-05 08:14:17,952156,952173,2020-05-05 08:14:17.209
2020-05-05 08:14:17,952156,952173,2020-05-05 08:14:17.509
2020-05-05 08:14:17,952156,952173,2020-05-05 08:14:17.820
2020-05-05 08:14:18,952156,952173,2020-05-05 08:14:18.092
2020-05-05 08:14:18,952156,952173,2020-05-05 08:14:18.348
2020-05-05 08:14:18,952156,952173,2020-05-05 08:14:18.718
2020-05-05 08:14:19,952156,952173,2020-05-05 08:14:18.996
2020-05-05 08:14:19,952203,952214,2020-05-05 08:14:19.279
2020-05-05 08:14:19,952203,952214,2020-05-05 08:14:19.556
2020-05-05 08:14:19,952203,952214,2020-05-05 08:14:19.822
2020-05-05 08:14:20,952203,952214,2020-05-05 08:14:20.144
2020-05-05 08:14:20,952203,952214,2020-05-05 08:14:20.565
2020-05-05 08:14:20,952203,952214,2020-05-05 08:14:20.850
2020-05-05 08:14:21,952203,952214,2020-05-05 08:14:21.121
2020-05-05 08:14:21,952203,952214,2020-05-05 08:14:21.484
2020-05-05 08:14:21,952203,952214,2020-05-05 08:14:21.776
2020-05-05 08:14:22,952203,952214,2020-05-05 08:14:22.051
2020-05-05 08:14:22,952203,952214,2020-05-05 08:14:22.370
2020-05-05 08:14:22,952203,952214,2020-05-05 08:14:22.648
2020-05-05 08:14:22,952203,952214,2020-05-05 08:14:22.956
2020-05-05 08:14:23,952203,952214,2020-05-05 08:14:23.284
2020-05-05 08:14:23,952203,952214,2020-05-05 08:14:23.549
2020-05-05 08:14:23,952203,952214,2020-05-05 08:14:23.863
2020-05-05 08:14:24,952203,952214,2020-05-05 08:14:24.131
2020-05-05 08:14:24,952203,952214,2020-05-05 08:14:24.494
2020-05-05 08:14:24,952203,952214,2020-05-05 08:14:24.771
2020-05-05 08:14:25,952203,952214,2020-05-05 08:14:25.042
2020-05-05 08:14:25,952203,952214,2020-05-05 08:14:25.348
2020-05-05 08:14:25,952203,952214,2020-05-05 08:14:25.893
2020-05-05 08:14:26,952203,952214,2020-05-05 08:14:26.167
2020-05-05 08:14:26,952156,952195,2020-05-05 08:14:26.742
2020-05-05 08:14:27,952095,952195,2020-05-05 08:14:27.022
2020-05-05 08:14:28,952095,952195,2020-05-05 08:14:28.077
2020-05-05 08:14:28,952095,952195,2020-05-05 08:14:28.339
2020-05-05 08:14:28,952095,952195,2020-05-05 08:14:28.606
2020-05-05 08:14:28,952095,952195,2020-05-05 08:14:28.875
2020-05-05 08:14:29,952095,952195,2020-05-05 08:14:29.178
2020-05-05 08:14:29,952095,952195,2020-05-05 08:14:29.437
2020-05-05 08:14:29,952244,952242,2020-05-05 08:14:29.744
2020-05-05 08:14:30,952244,952242,2020-05-05 08:14:30.003
2020-05-05 08:14:30,952244,952242,2020-05-05 08:14:30.322
2020-05-05 08:14:30,952244,952242,2020-05-05 08:14:30.609
2020-05-05 08:14:30,952244,952242,2020-05-05 08:14:30.889
2020-05-05 08:14:31,952244,952242,2020-05-05 08:14:31.160
2020-05-05 08:14:31,952244,952242,2020-05-05 08:14:31.466
2020-05-05 08:14:31,952244,952242,2020-05-05 08:14:31.983
2020-05-05 08:14:32,952244,952242,2020-05-05 08:14:32.257
2020-05-05 08:14:32,952244,952242,2020-05-05 08:14:32.526
2020-05-05 08:14:32,952405,952442,2020-05-05 08:14:32.837
2020-05-05 08:14:33,952405,952442,2020-05-05 08:14:33.122
2020-05-05 08:14:33,952446,952446,2020-05-05 08:14:33.419
2020-05-05 08:14:33,952446,952446,2020-05-05 08:14:33.713
2020-05-05 08:14:34,952446,952446,2020-05-05 08:14:34.001
2020-05-05 08:14:34,952446,952446,2020-05-05 08:14:34.345
2020-05-05 08:14:34,952446,952446,2020-05-05 08:14:34.654
2020-05-05 08:14:34,952446,952446,2020-05-05 08:14:34.922
2020-05-05 08:14:35,952446,952446,2020-05-05 08:14:35.217
2020-05-05 08:14:35,952446,952446,2020-05-05 08:14:35.589
2020-05-05 08:14:35,952446,952410,2020-05-05 08:14:35.850
2020-05-05 08:14:36,952446,952410,2020-05-05 08:14:36.135
2020-05-05 08:14:36,952142,952410,2020-05-05 08:14:36.414
2020-05-05 08:14:36,952142,952370,2020-05-05 08:14:36.707
2020-05-05 08:14:37,952142,952370,2020-05-05 08:14:37.012
2020-05-05 08:14:37,952142,952370,2020-05-05 08:14:37.317
2020-05-05 08:14:37,952142,952370,2020-05-05 08:14:37.590
2020-05-05 08:14:37,952142,952370,2020-05-05 08:14:37.908
2020-05-05 08:14:38,952142,952370,2020-05-05 08:14:38.376
2020-05-05 08:14:38,952142,952370,2020-05-05 08:14:38.655
2020-05-05 08:14:38,952142,952410,2020-05-05 08:14:38.982
2020-05-05 08:14:39,952375,952410,2020-05-05 08:14:39.265
2020-05-05 08:14:39,952375,952410,2020-05-05 08:14:39.645
2020-05-05 08:14:40,952176,952410,2020-05-05 08:14:40.362
2020-05-05 08:14:40,952176,952410,2020-05-05 08:14:40.626
2020-05-05 08:14:40,952176,952410,2020-05-05 08:14:40.927
2020-05-05 08:14:41,952176,952410,2020-05-05 08:14:41.214
2020-05-05 08:14:41,952395,952410,2020-05-05 08:14:41.480
2020-05-05 08:14:41,952395,952410,2020-05-05 08:14:41.864
2020-05-05 08:14:42,952395,952410,2020-05-05 08:14:42.211
2020-05-05 08:14:42,952395,952410,2020-05-05 08:14:42.483
2020-05-05 08:14:42,952517,952513,2020-05-05 08:14:42.744
2020-05-05 08:14:43,952517,952513,2020-05-05 08:14:43.037
2020-05-05 08:14:43,952517,952513,2020-05-05 08:14:43.309
2020-05-05 08:14:43,952517,952513,2020-05-05 08:14:43.573
2020-05-05 08:14:43,952517,952513,2020-05-05 08:14:43.957
2020-05-05 08:14:44,952517,952513,2020-05-05 08:14:44.233
2020-05-05 08:14:44,952517,952513,2020-05-05 08:14:44.586
2020-05-05 08:14:44,952517,952513,2020-05-05 08:14:44.901
2020-05-05 08:14:45,952517,952513,2020-05-05 08:14:45.157
2020-05-05 08:14:45,952517,952513,2020-05-05 08:14:45.433
2020-05-05 08:14:45,952517,952513,2020-05-05 08:14:45.872
2020-05-05 08:14:46,952246,952513,2020-05-05 08:14:46.145
2020-05-05 08:14:46,952246,952513,2020-05-05 08:14:46.419
2020-05-05 08:14:46,952558,952553,2020-05-05 08:14:46.810
2020-05-05 08:14:47,952558,952553,2020-05-05 08:14:47.393
2020-05-05 08:14:47,952280,952553,2020-05-05 08:14:47.670
2020-05-05 08:14:48,952280,952553,2020-05-05 08:14:48.136
2020-05-05 08:14:48,952280,952560,2020-05-05 08:14:48.400
2020-05-05 08:14:48,952280,952560,2020-05-05 08:14:48.693
2020-05-05 08:14:49,952280,952560,2020-05-05 08:14:49.066
2020-05-05 08:14:49,952565,952560,2020-05-05 08:14:49.509
2020-05-05 08:14:49,952565,952560,2020-05-05 08:14:49.783
2020-05-05 08:14:50,952565,952560,2020-05-05 08:14:50.273
2020-05-05 08:14:50,952565,952560,2020-05-05 08:14:50.554
2020-05-05 08:14:50,952565,952560,2020-05-05 08:14:50.828
2020-05-05 08:14:51,952322,952545,2020-05-05 08:14:51.120
2020-05-05 08:14:51,952323,952545,2020-05-05 08:14:51.407
2020-05-05 08:14:51,952323,952588,2020-05-05 08:14:51.694
2020-05-05 08:14:52,952323,952588,2020-05-05 08:14:52.056
2020-05-05 08:14:52,952323,952588,2020-05-05 08:14:52.386
2020-05-05 08:14:52,952323,952588,2020-05-05 08:14:52.652
2020-05-05 08:14:52,952323,952588,2020-05-05 08:14:52.981
2020-05-05 08:14:53,952323,952588,2020-05-05 08:14:53.348
2020-05-05 08:14:53,952323,952588,2020-05-05 08:14:53.695
2020-05-05 08:14:54,952323,952588,2020-05-05 08:14:54.040
2020-05-05 08:14:54,952323,952588,2020-05-05 08:14:54.328
2020-05-05 08:14:54,952323,952588,2020-05-05 08:14:54.714
2020-05-05 08:14:54,952323,952588,2020-05-05 08:14:54.977
2020-05-05 08:14:55,952323,952588,2020-05-05 08:14:55.281
2020-05-05 08:14:55,952323,952588,2020-05-05 08:14:55.618
2020-05-05 08:14:55,952323,952588,2020-05-05 08:14:55.882
2020-05-05 08:14:56,952323,952588,2020-05-05 08:14:56.156
2020-05-05 08:14:56,952323,952588,2020-05-05 08:14:56.718
2020-05-05 08:14:56,952323,952588,2020-05-05 08:14:56.992
2020-05-05 08:14:57,952323,952588,2020-05-05 08:14:57.300
2020-05-05 08:14:57,952323,952588,2020-05-05 08:14:57.552
2020-05-05 08:14:57,952323,952588,2020-05-05 08:14:57.825
2020-05-05 08:14:58,952323,952588,2020-05-05 08:14:58.153
2020-05-05 08:14:58,952323,952588,2020-05-05 08:14:58.456
2020-05-05 08:14:58,952323,952588,2020-05-05 08:14:58.737
2020-05-05 08:14:59,952323,952588,2020-05-05 08:14:59.022
2020-05-05 08:14:59,952323,952588,2020-05-05 08:14:59.578
2020-05-05 08:14:59,952323,952584,2020-05-05 08:14:59.881
2020-05-05 08:15:00,952323,952584,2020-05-05 08:15:00.268
2020-05-05 08:15:00,952323,952584,2020-05-05 08:15:00.531
2020-05-05 08:15:00,952323,952584,2020-05-05 08:15:00.900
2020-05-05 08:15:01,952323,952584,2020-05-05 08:15:01.181
2020-05-05 08:15:01,952323,952584,2020-05-05 08:15:01.578
2020-05-05 08:15:01,952395,952584,2020-05-05 08:15:01.904
2020-05-05 08:15:02,952395,952392,2020-05-05 08:15:02.183
2020-05-05 08:15:02,952395,952392,2020-05-05 08:15:02.443
2020-05-05 08:15:02,952395,952392,2020-05-05 08:15:02.770
2020-05-05 08:15:03,952395,952382,2020-05-05 08:15:03.546
2020-05-05 08:15:03,952395,952374,2020-05-05 08:15:03.824
2020-05-05 08:15:04,952395,952374,2020-05-05 08:15:04.127
2020-05-05 08:15:04,952395,952374,2020-05-05 08:15:04.389
2020-05-05 08:15:04,952395,952374,2020-05-05 08:15:04.670
2020-05-05 08:15:04,952395,952374,2020-05-05 08:15:04.946
2020-05-05 08:15:05,952395,952374,2020-05-05 08:15:05.211
2020-05-05 08:15:05,952395,952374,2020-05-05 08:15:05.483
2020-05-05 08:15:05,952252,952374,2020-05-05 08:15:05.755
2020-05-05 08:15:06,952070,952374,2020-05-05 08:15:06.035
2020-05-05 08:15:06,952030,952374,2020-05-05 08:15:06.298
2020-05-05 08:15:06,952125,952374,2020-05-05 08:15:06.565
2020-05-05 08:15:06,952125,952321,2020-05-05 08:15:06.844
2020-05-05 08:15:07,952125,952321,2020-05-05 08:15:07.192
2020-05-05 08:15:07,952125,952321,2020-05-05 08:15:07.520
2020-05-05 08:15:07,952125,952321,2020-05-05 08:15:07.974
2020-05-05 08:15:08,952048,952321,2020-05-05 08:15:08.273
2020-05-05 08:15:08,952048,952321,2020-05-05 08:15:08.539
2020-05-05 08:15:08,952053,952321,2020-05-05 08:15:08.809
2020-05-05 08:15:09,952053,952321,2020-05-05 08:15:09.087
2020-05-05 08:15:09,952053,952321,2020-05-05 08:15:09.348
2020-05-05 08:15:09,952053,952321,2020-05-05 08:15:09.789
2020-05-05 08:15:10,952057,952321,2020-05-05 08:15:10.214
2020-05-05 08:15:10,952097,952321,2020-05-05 08:15:10.524
2020-05-05 08:15:10,952097,952321,2020-05-05 08:15:10.784
2020-05-05 08:15:11,952097,952321,2020-05-05 08:15:11.225
2020-05-05 08:15:11,952097,952321,2020-05-05 08:15:11.526
2020-05-05 08:15:11,952097,952321,2020-05-05 08:15:11.830
2020-05-05 08:15:12,952097,952349,2020-05-05 08:15:12.160
2020-05-05 08:15:12,952351,952374,2020-05-05 08:15:12.441
2020-05-05 08:15:12,952351,952491,2020-05-05 08:15:12.756
2020-05-05 08:15:13,952351,952563,2020-05-05 08:15:13.034
2020-05-05 08:15:13,952392,952480,2020-05-05 08:15:13.393
2020-05-05 08:15:13,952392,952480,2020-05-05 08:15:13.781
2020-05-05 08:15:14,952392,952480,2020-05-05 08:15:14.045
2020-05-05 08:15:14,952392,952480,2020-05-05 08:15:14.358
2020-05-05 08:15:14,952392,952467,2020-05-05 08:15:14.660
2020-05-05 08:15:15,952392,952387,2020-05-05 08:15:15.061
2020-05-05 08:15:15,952392,952387,2020-05-05 08:15:15.350
2020-05-05 08:15:15,952392,952467,2020-05-05 08:15:15.783
2020-05-05 08:15:16,952392,952467,2020-05-05 08:15:16.130
2020-05-05 08:15:16,952147,952418,2020-05-05 08:15:16.424
2020-05-05 08:15:16,952155,952418,2020-05-05 08:15:16.689
2020-05-05 08:15:16,952155,952418,2020-05-05 08:15:16.966
2020-05-05 08:15:17,952155,952418,2020-05-05 08:15:17.300
2020-05-05 08:15:17,952155,952418,2020-05-05 08:15:17.683
2020-05-05 08:15:17,952155,952418,2020-05-05 08:15:17.959
2020-05-05 08:15:18,952155,952418,2020-05-05 08:15:18.329
2020-05-05 08:15:18,952196,952418,2020-05-05 08:15:18.598
2020-05-05 08:15:18,952196,952418,2020-05-05 08:15:18.880
2020-05-05 08:15:19,952196,952418,2020-05-05 08:15:19.300
2020-05-05 08:15:19,952196,952418,2020-05-05 08:15:19.759
2020-05-05 08:15:20,952196,952418,2020-05-05 08:15:20.014
2020-05-05 08:15:20,952196,952418,2020-05-05 08:15:20.421
2020-05-05 08:15:20,952196,952418,2020-05-05 08:15:20.686
2020-05-05 08:15:21,952196,952418,2020-05-05 08:15:21.026
2020-05-05 08:15:21,952196,952418,2020-05-05 08:15:21.312
2020-05-05 08:15:21,952196,952418,2020-05-05 08:15:21.581
2020-05-05 08:15:21,952196,952418,2020-05-05 08:15:21.900
2020-05-05 08:15:22,952196,952472,2020-05-05 08:15:22.194
2020-05-05 08:15:22,952223,952458,2020-05-05 08:15:22.456
2020-05-05 08:15:22,952223,952458,2020-05-05 08:15:22.959
2020-05-05 08:15:23,952223,952458,2020-05-05 08:15:23.357
2020-05-05 08:15:23,952223,952458,2020-05-05 08:15:23.664
2020-05-05 08:15:23,952223,952458,2020-05-05 08:15:23.938
2020-05-05 08:15:24,952223,952458,2020-05-05 08:15:24.223
2020-05-05 08:15:24,952223,952458,2020-05-05 08:15:24.510
2020-05-05 08:15:24,952223,952458,2020-05-05 08:15:24.827
2020-05-05 08:15:25,952223,952458,2020-05-05 08:15:25.301
2020-05-05 08:15:25,952462,952472,2020-05-05 08:15:25.591
2020-05-05 08:15:25,952462,952457,2020-05-05 08:15:25.876
2020-05-05 08:15:26,952462,952457,2020-05-05 08:15:26.138
2020-05-05 08:15:26,952462,952457,2020-05-05 08:15:26.411
2020-05-05 08:15:26,952462,952457,2020-05-05 08:15:26.730
2020-05-05 08:15:27,952462,952457,2020-05-05 08:15:27.060
2020-05-05 08:15:27,952296,952450,2020-05-05 08:15:27.455
2020-05-05 08:15:27,952296,952450,2020-05-05 08:15:27.721
2020-05-05 08:15:28,952296,952450,2020-05-05 08:15:28.019
2020-05-05 08:15:28,952296,952450,2020-05-05 08:15:28.306
2020-05-05 08:15:28,952310,952450,2020-05-05 08:15:28.573
2020-05-05 08:15:28,952296,952450,2020-05-05 08:15:28.905
2020-05-05 08:15:29,952296,952450,2020-05-05 08:15:29.282
2020-05-05 08:15:29,952303,952450,2020-05-05 08:15:29.546
2020-05-05 08:15:29,952303,952450,2020-05-05 08:15:29.844
2020-05-05 08:15:30,952303,952450,2020-05-05 08:15:30.147
2020-05-05 08:15:30,952303,952450,2020-05-05 08:15:30.425
2020-05-05 08:15:30,952345,952450,2020-05-05 08:15:30.697
2020-05-05 08:15:31,952345,952450,2020-05-05 08:15:31.083
2020-05-05 08:15:31,952345,952450,2020-05-05 08:15:31.400
2020-05-05 08:15:31,952345,952450,2020-05-05 08:15:31.715
2020-05-05 08:15:31,952345,952481,2020-05-05 08:15:31.992
2020-05-05 08:15:32,952345,952463,2020-05-05 08:15:32.270
2020-05-05 08:15:32,952345,952463,2020-05-05 08:15:32.570
2020-05-05 08:15:32,952345,952463,2020-05-05 08:15:32.890
2020-05-05 08:15:33,952345,952489,2020-05-05 08:15:33.167
2020-05-05 08:15:33,952411,952489,2020-05-05 08:15:33.561
2020-05-05 08:15:34,952411,952489,2020-05-05 08:15:34.211
2020-05-05 08:15:34,952411,952489,2020-05-05 08:15:34.479
2020-05-05 08:15:34,952411,952484,2020-05-05 08:15:34.739
2020-05-05 08:15:35,952411,952484,2020-05-05 08:15:35.272
2020-05-05 08:15:35,952411,952484,2020-05-05 08:15:35.555
2020-05-05 08:15:35,952411,952450,2020-05-05 08:15:35.815
2020-05-05 08:15:36,952411,952450,2020-05-05 08:15:36.287
2020-05-05 08:15:36,952411,952450,2020-05-05 08:15:36.571
2020-05-05 08:15:36,952345,952409,2020-05-05 08:15:36.838
2020-05-05 08:15:37,952244,952409,2020-05-05 08:15:37.305
2020-05-05 08:15:37,952244,952409,2020-05-05 08:15:37.564
2020-05-05 08:15:37,952244,952409,2020-05-05 08:15:37.834
2020-05-05 08:15:38,952244,952409,2020-05-05 08:15:38.095
2020-05-05 08:15:38,952244,952409,2020-05-05 08:15:38.394
2020-05-05 08:15:38,952244,952409,2020-05-05 08:15:38.823
2020-05-05 08:15:39,952250,952489,2020-05-05 08:15:39.237
2020-05-05 08:15:39,952259,952486,2020-05-05 08:15:39.520
2020-05-05 08:15:39,952259,952486,2020-05-05 08:15:39.799
2020-05-05 08:15:40,952259,952483,2020-05-05 08:15:40.169
2020-05-05 08:15:40,952259,952483,2020-05-05 08:15:40.475
2020-05-05 08:15:40,952259,952483,2020-05-05 08:15:40.737
2020-05-05 08:15:41,952259,952483,2020-05-05 08:15:41.003
2020-05-05 08:15:41,952259,952483,2020-05-05 08:15:41.715
2020-05-05 08:15:42,952259,952477,2020-05-05 08:15:42.044
2020-05-05 08:15:42,952259,952477,2020-05-05 08:15:42.542
2020-05-05 08:15:42,952259,952465,2020-05-05 08:15:42.894
2020-05-05 08:15:43,952259,952465,2020-05-05 08:15:43.160
2020-05-05 08:15:43,952259,952465,2020-05-05 08:15:43.747
2020-05-05 08:15:44,952259,952465,2020-05-05 08:15:44.042
2020-05-05 08:15:44,952215,952465,2020-05-05 08:15:44.303
2020-05-05 08:15:44,952097,952465,2020-05-05 08:15:44.566
2020-05-05 08:15:44,952117,952465,2020-05-05 08:15:44.832
2020-05-05 08:15:45,952117,952374,2020-05-05 08:15:45.130
2020-05-05 08:15:45,952117,952352,2020-05-05 08:15:45.464
2020-05-05 08:15:45,952117,952352,2020-05-05 08:15:45.821
2020-05-05 08:15:46,952117,952352,2020-05-05 08:15:46.082
2020-05-05 08:15:46,952117,952209,2020-05-05 08:15:46.346
2020-05-05 08:15:46,952117,952209,2020-05-05 08:15:46.640
2020-05-05 08:15:46,952117,952191,2020-05-05 08:15:46.933
2020-05-05 08:15:47,952117,952191,2020-05-05 08:15:47.221
2020-05-05 08:15:47,952117,952191,2020-05-05 08:15:47.517
2020-05-05 08:15:47,952117,952173,2020-05-05 08:15:47.782
2020-05-05 08:15:48,952000,952173,2020-05-05 08:15:48.049
2020-05-05 08:15:48,952007,952173,2020-05-05 08:15:48.318
2020-05-05 08:15:48,952007,952173,2020-05-05 08:15:48.629
2020-05-05 08:15:48,952007,952173,2020-05-05 08:15:48.906
2020-05-05 08:15:49,952007,952173,2020-05-05 08:15:49.456
2020-05-05 08:15:49,952007,952173,2020-05-05 08:15:49.804
2020-05-05 08:15:50,952007,952173,2020-05-05 08:15:50.103
2020-05-05 08:15:50,952007,952173,2020-05-05 08:15:50.369
2020-05-05 08:15:50,952007,952173,2020-05-05 08:15:50.776
2020-05-05 08:15:51,952007,952173,2020-05-05 08:15:51.037
2020-05-05 08:15:51,952007,952173,2020-05-05 08:15:51.550
2020-05-05 08:15:51,952007,952173,2020-05-05 08:15:51.906
2020-05-05 08:15:52,952095,952173,2020-05-05 08:15:52.179
2020-05-05 08:15:52,952095,952173,2020-05-05 08:15:52.435
2020-05-05 08:15:52,952095,952173,2020-05-05 08:15:52.710
2020-05-05 08:15:52,952095,952173,2020-05-05 08:15:52.972
2020-05-05 08:15:53,952095,952173,2020-05-05 08:15:53.249
2020-05-05 08:15:53,952095,952173,2020-05-05 08:15:53.523
2020-05-05 08:15:53,952095,952173,2020-05-05 08:15:53.775
2020-05-05 08:15:54,952178,952173,2020-05-05 08:15:54.048
2020-05-05 08:15:54,952178,952173,2020-05-05 08:15:54.340
2020-05-05 08:15:54,952180,952173,2020-05-05 08:15:54.674
2020-05-05 08:15:54,952180,952173,2020-05-05 08:15:54.991
2020-05-05 08:15:55,952180,952173,2020-05-05 08:15:55.299
2020-05-05 08:15:55,952180,952173,2020-05-05 08:15:55.658
2020-05-05 08:15:55,952180,952173,2020-05-05 08:15:55.944
2020-05-05 08:15:56,952181,952173,2020-05-05 08:15:56.393
2020-05-05 08:15:56,952182,952173,2020-05-05 08:15:56.733
2020-05-05 08:15:57,952182,952173,2020-05-05 08:15:57.023
2020-05-05 08:15:57,952182,952173,2020-05-05 08:15:57.280
2020-05-05 08:15:57,952196,952197,2020-05-05 08:15:57.575
2020-05-05 08:15:57,952196,952197,2020-05-05 08:15:57.846
2020-05-05 08:15:58,952196,952197,2020-05-05 08:15:58.123
2020-05-05 08:15:58,952196,952197,2020-05-05 08:15:58.430
2020-05-05 08:15:58,952196,952197,2020-05-05 08:15:58.694
2020-05-05 08:15:58,952196,952197,2020-05-05 08:15:58.967
2020-05-05 08:15:59,952196,952197,2020-05-05 08:15:59.265
2020-05-05 08:15:59,952196,952197,2020-05-05 08:15:59.610
2020-05-05 08:15:59,952196,952197,2020-05-05 08:15:59.897
2020-05-05 08:16:00,952196,952197,2020-05-05 08:16:00.194
2020-05-05 08:16:00,952205,952209,2020-05-05 08:16:00.463
2020-05-05 08:16:00,952205,952209,2020-05-05 08:16:00.778
2020-05-05 08:16:01,952205,952209,2020-05-05 08:16:01.054
2020-05-05 08:16:01,952205,952209,2020-05-05 08:16:01.410
2020-05-05 08:16:01,952205,952209,2020-05-05 08:16:01.686
2020-05-05 08:16:02,952205,952209,2020-05-05 08:16:02.001
2020-05-05 08:16:02,952205,952209,2020-05-05 08:16:02.265
2020-05-05 08:16:02,952102,952209,2020-05-05 08:16:02.530
2020-05-05 08:16:02,952109,952209,2020-05-05 08:16:02.807
2020-05-05 08:16:03,952109,952209,2020-05-05 08:16:03.070
2020-05-05 08:16:03,952137,952209,2020-05-05 08:16:03.338
2020-05-05 08:16:03,952137,952209,2020-05-05 08:16:03.616
2020-05-05 08:16:03,952137,952209,2020-05-05 08:16:03.944
2020-05-05 08:16:04,952137,952209,2020-05-05 08:16:04.249
2020-05-05 08:16:04,952137,952209,2020-05-05 08:16:04.827
2020-05-05 08:16:05,952137,952209,2020-05-05 08:16:05.901
2020-05-05 08:16:06,952122,952209,2020-05-05 08:16:06.199
2020-05-05 08:16:06,952122,952209,2020-05-05 08:16:06.465
2020-05-05 08:16:06,952122,952209,2020-05-05 08:16:06.771
2020-05-05 08:16:07,952195,952209,2020-05-05 08:16:07.030
2020-05-05 08:16:07,952195,952209,2020-05-05 08:16:07.294
2020-05-05 08:16:07,952195,952209,2020-05-05 08:16:07.566
2020-05-05 08:16:07,952195,952209,2020-05-05 08:16:07.838
2020-05-05 08:16:08,952195,952209,2020-05-05 08:16:08.143
2020-05-05 08:16:08,952195,952209,2020-05-05 08:16:08.433
2020-05-05 08:16:08,952195,952404,2020-05-05 08:16:08.959
2020-05-05 08:16:09,952195,952395,2020-05-05 08:16:09.229
2020-05-05 08:16:09,952100,952395,2020-05-05 08:16:09.502
2020-05-05 08:16:09,952100,952395,2020-05-05 08:16:09.829
2020-05-05 08:16:10,952100,952395,2020-05-05 08:16:10.101
2020-05-05 08:16:10,952100,952395,2020-05-05 08:16:10.540
2020-05-05 08:16:10,952100,952395,2020-05-05 08:16:10.801
2020-05-05 08:16:11,952138,952260,2020-05-05 08:16:11.065
2020-05-05 08:16:11,952138,952260,2020-05-05 08:16:11.328
2020-05-05 08:16:11,952138,952260,2020-05-05 08:16:11.827
2020-05-05 08:16:12,952138,952260,2020-05-05 08:16:12.098
2020-05-05 08:16:12,952138,952260,2020-05-05 08:16:12.388
2020-05-05 08:16:12,952138,952260,2020-05-05 08:16:12.968
2020-05-05 08:16:13,952138,952260,2020-05-05 08:16:13.326
2020-05-05 08:16:13,952138,952260,2020-05-05 08:16:13.633
2020-05-05 08:16:13,952138,952260,2020-05-05 08:16:13.936
2020-05-05 08:16:14,952138,952260,2020-05-05 08:16:14.202
2020-05-05 08:16:14,952138,952260,2020-05-05 08:16:14.468
2020-05-05 08:16:14,952138,952260,2020-05-05 08:16:14.758
2020-05-05 08:16:15,952138,952260,2020-05-05 08:16:15.021
2020-05-05 08:16:15,952138,952260,2020-05-05 08:16:15.295
2020-05-05 08:16:15,952138,952260,2020-05-05 08:16:15.566
2020-05-05 08:16:15,952138,952111,2020-05-05 08:16:15.831
2020-05-05 08:16:16,952138,952111,2020-05-05 08:16:16.142
2020-05-05 08:16:16,952138,952111,2020-05-05 08:16:16.404
2020-05-05 08:16:16,952013,952086,2020-05-05 08:16:16.704
2020-05-05 08:16:16,952014,952086,2020-05-05 08:16:16.974
2020-05-05 08:16:17,952014,952086,2020-05-05 08:16:17.251
2020-05-05 08:16:17,952014,952086,2020-05-05 08:16:17.549
2020-05-05 08:16:17,952014,952086,2020-05-05 08:16:17.960
2020-05-05 08:16:18,952014,952044,2020-05-05 08:16:18.276
2020-05-05 08:16:18,952014,952044,2020-05-05 08:16:18.600
2020-05-05 08:16:18,952014,952044,2020-05-05 08:16:18.890
2020-05-05 08:16:19,952014,952044,2020-05-05 08:16:19.180
2020-05-05 08:16:19,952014,952040,2020-05-05 08:16:19.450
2020-05-05 08:16:19,952049,952040,2020-05-05 08:16:19.716
2020-05-05 08:16:19,952049,952040,2020-05-05 08:16:19.987
2020-05-05 08:16:20,952049,952040,2020-05-05 08:16:20.647
2020-05-05 08:16:20,952049,952040,2020-05-05 08:16:20.932
2020-05-05 08:16:21,952049,952040,2020-05-05 08:16:21.248
2020-05-05 08:16:21,952049,952040,2020-05-05 08:16:21.517
2020-05-05 08:16:21,952049,952040,2020-05-05 08:16:21.811
2020-05-05 08:16:22,952049,952040,2020-05-05 08:16:22.111
2020-05-05 08:16:22,952095,952100,2020-05-05 08:16:22.403
2020-05-05 08:16:22,952095,952100,2020-05-05 08:16:22.690
2020-05-05 08:16:22,952095,952100,2020-05-05 08:16:22.963
2020-05-05 08:16:23,952095,952235,2020-05-05 08:16:23.257
2020-05-05 08:16:23,952095,952227,2020-05-05 08:16:23.533
2020-05-05 08:16:23,952095,952227,2020-05-05 08:16:23.830
2020-05-05 08:16:24,952095,952227,2020-05-05 08:16:24.095
2020-05-05 08:16:24,952095,952227,2020-05-05 08:16:24.416
2020-05-05 08:16:24,952095,952227,2020-05-05 08:16:24.823
2020-05-05 08:16:25,952095,952193,2020-05-05 08:16:25.092
2020-05-05 08:16:25,952095,952193,2020-05-05 08:16:25.430
2020-05-05 08:16:25,952095,952193,2020-05-05 08:16:25.696
2020-05-05 08:16:25,952095,952193,2020-05-05 08:16:25.986
2020-05-05 08:16:26,952095,952193,2020-05-05 08:16:26.295
2020-05-05 08:16:26,952095,952157,2020-05-05 08:16:26.553
2020-05-05 08:16:26,952095,952157,2020-05-05 08:16:26.823
2020-05-05 08:16:27,952162,952193,2020-05-05 08:16:27.080
2020-05-05 08:16:27,952001,952193,2020-05-05 08:16:27.362
2020-05-05 08:16:27,952001,952149,2020-05-05 08:16:27.633
2020-05-05 08:16:27,952005,952149,2020-05-05 08:16:27.895
2020-05-05 08:16:28,952005,952149,2020-05-05 08:16:28.196
2020-05-05 08:16:28,952005,952149,2020-05-05 08:16:28.467
2020-05-05 08:16:28,952005,952149,2020-05-05 08:16:28.732
2020-05-05 08:16:29,952005,952149,2020-05-05 08:16:29.026
2020-05-05 08:16:29,952005,952149,2020-05-05 08:16:29.292
2020-05-05 08:16:29,952005,952149,2020-05-05 08:16:29.558
2020-05-05 08:16:29,952154,952141,2020-05-05 08:16:29.815
2020-05-05 08:16:30,952154,952193,2020-05-05 08:16:30.179
2020-05-05 08:16:30,952154,952133,2020-05-05 08:16:30.471
2020-05-05 08:16:30,952154,952133,2020-05-05 08:16:30.735
2020-05-05 08:16:31,952154,952133,2020-05-05 08:16:31.019
2020-05-05 08:16:31,952154,952133,2020-05-05 08:16:31.272
2020-05-05 08:16:31,952154,952133,2020-05-05 08:16:31.567
2020-05-05 08:16:31,952154,952133,2020-05-05 08:16:31.833
2020-05-05 08:16:32,952154,952133,2020-05-05 08:16:32.131
2020-05-05 08:16:32,952154,952133,2020-05-05 08:16:32.392
2020-05-05 08:16:32,952154,952133,2020-05-05 08:16:32.661
2020-05-05 08:16:32,952154,952133,2020-05-05 08:16:32.954
2020-05-05 08:16:33,952154,952133,2020-05-05 08:16:33.215
2020-05-05 08:16:33,952154,952133,2020-05-05 08:16:33.561
2020-05-05 08:16:33,952154,952133,2020-05-05 08:16:33.900
2020-05-05 08:16:34,952226,952236,2020-05-05 08:16:34.162
2020-05-05 08:16:34,952226,952132,2020-05-05 08:16:34.423
2020-05-05 08:16:34,952226,952132,2020-05-05 08:16:34.700
2020-05-05 08:16:35,952226,952132,2020-05-05 08:16:35.007
2020-05-05 08:16:35,952226,952132,2020-05-05 08:16:35.311
2020-05-05 08:16:35,952226,952132,2020-05-05 08:16:35.682
2020-05-05 08:16:35,952226,952132,2020-05-05 08:16:35.973
2020-05-05 08:16:36,952226,952132,2020-05-05 08:16:36.278
2020-05-05 08:16:36,952226,952132,2020-05-05 08:16:36.566
2020-05-05 08:16:36,952226,952132,2020-05-05 08:16:36.881
2020-05-05 08:16:37,952226,952132,2020-05-05 08:16:37.359
2020-05-05 08:16:37,952226,952132,2020-05-05 08:16:37.637
2020-05-05 08:16:37,952226,952132,2020-05-05 08:16:37.949
2020-05-05 08:16:38,952226,952132,2020-05-05 08:16:38.215
2020-05-05 08:16:38,952226,952132,2020-05-05 08:16:38.528
2020-05-05 08:16:38,952226,952107,2020-05-05 08:16:38.952
2020-05-05 08:16:39,952226,952092,2020-05-05 08:16:39.248
2020-05-05 08:16:39,952226,952092,2020-05-05 08:16:39.504
2020-05-05 08:16:39,952226,952092,2020-05-05 08:16:39.765
2020-05-05 08:16:40,952226,952092,2020-05-05 08:16:40.039
2020-05-05 08:16:40,952226,952092,2020-05-05 08:16:40.327
2020-05-05 08:16:40,952226,952092,2020-05-05 08:16:40.599
2020-05-05 08:16:41,952226,952092,2020-05-05 08:16:41.126
2020-05-05 08:16:41,952226,952092,2020-05-05 08:16:41.379
2020-05-05 08:16:41,952226,952092,2020-05-05 08:16:41.821
2020-05-05 08:16:42,952226,952091,2020-05-05 08:16:42.087
2020-05-05 08:16:42,952226,952077,2020-05-05 08:16:42.397
2020-05-05 08:16:42,951913,951995,2020-05-05 08:16:42.669
2020-05-05 08:16:42,951860,951995,2020-05-05 08:16:42.993
2020-05-05 08:16:43,951860,951995,2020-05-05 08:16:43.258
2020-05-05 08:16:43,951865,951995,2020-05-05 08:16:43.563
2020-05-05 08:16:44,951865,951995,2020-05-05 08:16:44.118
2020-05-05 08:16:44,951865,951995,2020-05-05 08:16:44.462
2020-05-05 08:16:44,951865,951995,2020-05-05 08:16:44.738
2020-05-05 08:16:45,951865,951995,2020-05-05 08:16:44.999
2020-05-05 08:16:45,951865,951995,2020-05-05 08:16:45.382
2020-05-05 08:16:45,951865,951995,2020-05-05 08:16:45.645
2020-05-05 08:16:45,951945,951995,2020-05-05 08:16:45.927
2020-05-05 08:16:46,951945,951995,2020-05-05 08:16:46.228
2020-05-05 08:16:46,951945,951995,2020-05-05 08:16:46.486
2020-05-05 08:16:46,951945,951995,2020-05-05 08:16:46.916
2020-05-05 08:16:47,951946,951995,2020-05-05 08:16:47.219
2020-05-05 08:16:47,951946,952074,2020-05-05 08:16:47.709
2020-05-05 08:16:47,951946,952074,2020-05-05 08:16:47.980
2020-05-05 08:16:48,951946,952074,2020-05-05 08:16:48.470
2020-05-05 08:16:48,951947,952074,2020-05-05 08:16:48.857
2020-05-05 08:16:49,951947,952175,2020-05-05 08:16:49.229
2020-05-05 08:16:49,951947,952152,2020-05-05 08:16:49.605
2020-05-05 08:16:49,951947,952152,2020-05-05 08:16:49.922
2020-05-05 08:16:50,951947,952085,2020-05-05 08:16:50.210
2020-05-05 08:16:50,951947,952085,2020-05-05 08:16:50.500
2020-05-05 08:16:50,952096,952085,2020-05-05 08:16:50.770
2020-05-05 08:16:51,952096,952085,2020-05-05 08:16:51.066
2020-05-05 08:16:51,952107,952085,2020-05-05 08:16:51.515
2020-05-05 08:16:51,952107,952085,2020-05-05 08:16:51.798
2020-05-05 08:16:52,952107,952085,2020-05-05 08:16:52.106
2020-05-05 08:16:52,952112,952085,2020-05-05 08:16:52.436
2020-05-05 08:16:52,952100,952085,2020-05-05 08:16:52.737
2020-05-05 08:16:53,952100,952085,2020-05-05 08:16:53.098
2020-05-05 08:16:53,952100,952085,2020-05-05 08:16:53.356
2020-05-05 08:16:53,952106,952085,2020-05-05 08:16:53.750
2020-05-05 08:16:54,952106,952085,2020-05-05 08:16:54.074
2020-05-05 08:16:54,952106,952085,2020-05-05 08:16:54.352
2020-05-05 08:16:54,952106,952085,2020-05-05 08:16:54.653
2020-05-05 08:16:54,952106,952085,2020-05-05 08:16:54.993
2020-05-05 08:16:55,952106,952085,2020-05-05 08:16:55.579
2020-05-05 08:16:55,952106,952085,2020-05-05 08:16:55.857
2020-05-05 08:16:56,952106,952085,2020-05-05 08:16:56.159
2020-05-05 08:16:56,952106,952085,2020-05-05 08:16:56.426
2020-05-05 08:16:56,952100,952085,2020-05-05 08:16:56.688
2020-05-05 08:16:57,952100,952085,2020-05-05 08:16:56.999
2020-05-05 08:16:57,952100,952085,2020-05-05 08:16:57.290
2020-05-05 08:16:57,952100,952085,2020-05-05 08:16:57.638
2020-05-05 08:16:57,952106,952085,2020-05-05 08:16:57.914
2020-05-05 08:16:58,952106,952085,2020-05-05 08:16:58.201
2020-05-05 08:16:58,952100,952085,2020-05-05 08:16:58.460
2020-05-05 08:16:58,952100,952085,2020-05-05 08:16:58.817
2020-05-05 08:16:59,952100,952085,2020-05-05 08:16:59.417
2020-05-05 08:16:59,952100,952085,2020-05-05 08:16:59.714
2020-05-05 08:16:59,952100,952085,2020-05-05 08:16:59.979
2020-05-05 08:17:00,952108,952085,2020-05-05 08:17:00.315
2020-05-05 08:17:00,952108,952085,2020-05-05 08:17:00.581
2020-05-05 08:17:00,952108,952085,2020-05-05 08:17:00.879
2020-05-05 08:17:01,952108,952085,2020-05-05 08:17:01.267
2020-05-05 08:17:01,952096,952108,2020-05-05 08:17:01.546
2020-05-05 08:17:01,952096,952108,2020-05-05 08:17:01.816
2020-05-05 08:17:02,952096,952108,2020-05-05 08:17:02.108
2020-05-05 08:17:02,952096,952108,2020-05-05 08:17:02.377
2020-05-05 08:17:02,952096,952108,2020-05-05 08:17:02.665
2020-05-05 08:17:02,952096,952108,2020-05-05 08:17:02.956
2020-05-05 08:17:03,952096,952108,2020-05-05 08:17:03.245
2020-05-05 08:17:03,952096,952108,2020-05-05 08:17:03.537
2020-05-05 08:17:03,952100,952108,2020-05-05 08:17:03.897
2020-05-05 08:17:04,952108,952108,2020-05-05 08:17:04.209
2020-05-05 08:17:04,952108,952108,2020-05-05 08:17:04.477
2020-05-05 08:17:04,952108,952108,2020-05-05 08:17:04.742
2020-05-05 08:17:05,952108,952108,2020-05-05 08:17:05.013
2020-05-05 08:17:05,952108,952108,2020-05-05 08:17:05.359
2020-05-05 08:17:05,952108,952108,2020-05-05 08:17:05.699
2020-05-05 08:17:06,952108,952152,2020-05-05 08:17:06.067
2020-05-05 08:17:06,952152,952170,2020-05-05 08:17:06.329
2020-05-05 08:17:06,952152,952170,2020-05-05 08:17:06.601
2020-05-05 08:17:06,952152,952184,2020-05-05 08:17:06.889
2020-05-05 08:17:07,952152,952184,2020-05-05 08:17:07.159
2020-05-05 08:17:07,952152,952184,2020-05-05 08:17:07.468
2020-05-05 08:17:07,952152,952184,2020-05-05 08:17:07.730
2020-05-05 08:17:07,952152,952184,2020-05-05 08:17:07.991
2020-05-05 08:17:08,952152,952184,2020-05-05 08:17:08.250
2020-05-05 08:17:08,952152,952174,2020-05-05 08:17:08.520
2020-05-05 08:17:08,952152,952174,2020-05-05 08:17:08.879
2020-05-05 08:17:09,952152,952174,2020-05-05 08:17:09.261
2020-05-05 08:17:09,952100,952174,2020-05-05 08:17:09.707
2020-05-05 08:17:09,952100,952104,2020-05-05 08:17:09.979
2020-05-05 08:17:10,952100,952104,2020-05-05 08:17:10.294
2020-05-05 08:17:10,952100,952104,2020-05-05 08:17:10.669
2020-05-05 08:17:10,952100,952104,2020-05-05 08:17:10.929
2020-05-05 08:17:11,952100,952104,2020-05-05 08:17:11.213
2020-05-05 08:17:11,952100,952104,2020-05-05 08:17:11.534
2020-05-05 08:17:11,952100,952104,2020-05-05 08:17:11.849
2020-05-05 08:17:12,952100,952104,2020-05-05 08:17:12.186
2020-05-05 08:17:12,952108,952194,2020-05-05 08:17:12.449
2020-05-05 08:17:12,952108,952189,2020-05-05 08:17:12.931
2020-05-05 08:17:13,952108,952189,2020-05-05 08:17:13.194
2020-05-05 08:17:13,952108,952189,2020-05-05 08:17:13.454
2020-05-05 08:17:13,952108,952189,2020-05-05 08:17:13.732
2020-05-05 08:17:13,952108,952200,2020-05-05 08:17:13.990
2020-05-05 08:17:14,952108,952190,2020-05-05 08:17:14.401
2020-05-05 08:17:14,952108,952190,2020-05-05 08:17:14.730
2020-05-05 08:17:15,952108,952190,2020-05-05 08:17:15.017
2020-05-05 08:17:15,952100,952106,2020-05-05 08:17:15.545
2020-05-05 08:17:15,952100,952106,2020-05-05 08:17:15.896
2020-05-05 08:17:16,952100,952103,2020-05-05 08:17:16.148
2020-05-05 08:17:16,952100,952103,2020-05-05 08:17:16.500
2020-05-05 08:17:16,952108,952103,2020-05-05 08:17:16.850
2020-05-05 08:17:17,952108,952103,2020-05-05 08:17:17.123
2020-05-05 08:17:17,952108,952103,2020-05-05 08:17:17.499
2020-05-05 08:17:17,952116,952103,2020-05-05 08:17:17.828
2020-05-05 08:17:18,952116,952196,2020-05-05 08:17:18.164
2020-05-05 08:17:18,952186,952200,2020-05-05 08:17:18.465
2020-05-05 08:17:18,952186,952200,2020-05-05 08:17:18.762
2020-05-05 08:17:19,952186,952200,2020-05-05 08:17:19.056
2020-05-05 08:17:19,952186,952181,2020-05-05 08:17:19.340
2020-05-05 08:17:19,952186,952181,2020-05-05 08:17:19.600
2020-05-05 08:17:19,952186,952181,2020-05-05 08:17:19.873
2020-05-05 08:17:20,952186,952181,2020-05-05 08:17:20.199
2020-05-05 08:17:20,952186,952181,2020-05-05 08:17:20.569
2020-05-05 08:17:20,952186,952185,2020-05-05 08:17:20.873
2020-05-05 08:17:21,952108,952185,2020-05-05 08:17:21.129
2020-05-05 08:17:21,952100,952104,2020-05-05 08:17:21.405
2020-05-05 08:17:21,952100,952104,2020-05-05 08:17:21.728
2020-05-05 08:17:22,952096,952104,2020-05-05 08:17:21.998
2020-05-05 08:17:22,952096,952104,2020-05-05 08:17:22.267
2020-05-05 08:17:22,952096,952104,2020-05-05 08:17:22.660
2020-05-05 08:17:22,952099,952104,2020-05-05 08:17:22.944
2020-05-05 08:17:23,952099,952104,2020-05-05 08:17:23.569
2020-05-05 08:17:23,952099,952104,2020-05-05 08:17:23.854
2020-05-05 08:17:24,952100,952104,2020-05-05 08:17:24.110
2020-05-05 08:17:24,952108,952104,2020-05-05 08:17:24.368
2020-05-05 08:17:24,952108,952104,2020-05-05 08:17:24.704
2020-05-05 08:17:25,952108,952104,2020-05-05 08:17:24.984
2020-05-05 08:17:25,952108,952104,2020-05-05 08:17:25.260
2020-05-05 08:17:25,952108,952104,2020-05-05 08:17:25.559
2020-05-05 08:17:25,952108,952104,2020-05-05 08:17:25.843
2020-05-05 08:17:26,952108,952104,2020-05-05 08:17:26.107
2020-05-05 08:17:26,952108,952104,2020-05-05 08:17:26.421
2020-05-05 08:17:26,952108,952104,2020-05-05 08:17:26.751
2020-05-05 08:17:27,952108,952104,2020-05-05 08:17:27.012
2020-05-05 08:17:27,952108,952104,2020-05-05 08:17:27.351
2020-05-05 08:17:27,952108,952104,2020-05-05 08:17:27.753
2020-05-05 08:17:28,952108,952104,2020-05-05 08:17:28.229
2020-05-05 08:17:28,952108,952104,2020-05-05 08:17:28.546
2020-05-05 08:17:28,952113,952174,2020-05-05 08:17:28.840
2020-05-05 08:17:29,952113,952174,2020-05-05 08:17:29.110
2020-05-05 08:17:29,952113,952174,2020-05-05 08:17:29.417
2020-05-05 08:17:29,952113,952174,2020-05-05 08:17:29.694
2020-05-05 08:17:30,952113,952174,2020-05-05 08:17:30.002
2020-05-05 08:17:30,952113,952174,2020-05-05 08:17:30.514
2020-05-05 08:17:30,952113,952174,2020-05-05 08:17:30.792
2020-05-05 08:17:31,952113,952174,2020-05-05 08:17:31.073
2020-05-05 08:17:31,952108,952174,2020-05-05 08:17:31.355
2020-05-05 08:17:31,952108,952180,2020-05-05 08:17:31.646
2020-05-05 08:17:31,952108,952180,2020-05-05 08:17:31.922
2020-05-05 08:17:32,952108,952180,2020-05-05 08:17:32.247
2020-05-05 08:17:32,952108,952177,2020-05-05 08:17:32.541
2020-05-05 08:17:32,952108,952177,2020-05-05 08:17:32.872
2020-05-05 08:17:33,952108,952177,2020-05-05 08:17:33.153
2020-05-05 08:17:33,952100,952103,2020-05-05 08:17:33.515
2020-05-05 08:17:34,952096,952093,2020-05-05 08:17:34.000
2020-05-05 08:17:34,952096,952093,2020-05-05 08:17:34.295
2020-05-05 08:17:34,951872,951972,2020-05-05 08:17:34.571
2020-05-05 08:17:34,951771,951800,2020-05-05 08:17:34.980
2020-05-05 08:17:35,951681,951800,2020-05-05 08:17:35.244
2020-05-05 08:17:35,951574,951679,2020-05-05 08:17:35.500
2020-05-05 08:17:35,951357,951472,2020-05-05 08:17:35.755
2020-05-05 08:17:36,951344,951472,2020-05-05 08:17:36.033
2020-05-05 08:17:36,951344,951662,2020-05-05 08:17:36.638
2020-05-05 08:17:36,951477,951662,2020-05-05 08:17:36.961
2020-05-05 08:17:37,951345,951477,2020-05-05 08:17:37.241
2020-05-05 08:17:37,951336,951449,2020-05-05 08:17:37.505
2020-05-05 08:17:37,951336,951449,2020-05-05 08:17:37.770
2020-05-05 08:17:38,951349,951449,2020-05-05 08:17:38.320
2020-05-05 08:17:38,951252,951449,2020-05-05 08:17:38.605
2020-05-05 08:17:38,951211,951449,2020-05-05 08:17:38.866
2020-05-05 08:17:39,951454,951477,2020-05-05 08:17:39.162
2020-05-05 08:17:39,951454,951454,2020-05-05 08:17:39.436
2020-05-05 08:17:39,951454,951613,2020-05-05 08:17:39.713
2020-05-05 08:17:39,951454,951441,2020-05-05 08:17:39.996
2020-05-05 08:17:40,951216,951441,2020-05-05 08:17:40.255
2020-05-05 08:17:40,951216,951416,2020-05-05 08:17:40.517
2020-05-05 08:17:40,951194,951416,2020-05-05 08:17:40.791
2020-05-05 08:17:41,951194,951416,2020-05-05 08:17:41.053
2020-05-05 08:17:41,951194,951416,2020-05-05 08:17:41.387
2020-05-05 08:17:41,951194,951416,2020-05-05 08:17:41.672
2020-05-05 08:17:41,951194,951412,2020-05-05 08:17:41.965
2020-05-05 08:17:42,951194,951412,2020-05-05 08:17:42.251
2020-05-05 08:17:42,951194,951402,2020-05-05 08:17:42.548
2020-05-05 08:17:42,951194,951402,2020-05-05 08:17:42.809
2020-05-05 08:17:43,951194,951402,2020-05-05 08:17:43.135
2020-05-05 08:17:43,951194,951156,2020-05-05 08:17:43.414
2020-05-05 08:17:43,951194,951153,2020-05-05 08:17:43.697
2020-05-05 08:17:43,951194,951153,2020-05-05 08:17:43.988
2020-05-05 08:17:44,951194,951153,2020-05-05 08:17:44.272
2020-05-05 08:17:44,951194,951153,2020-05-05 08:17:44.562
2020-05-05 08:17:44,951194,951153,2020-05-05 08:17:44.989
2020-05-05 08:17:45,951194,951153,2020-05-05 08:17:45.403
2020-05-05 08:17:45,951194,951153,2020-05-05 08:17:45.669
2020-05-05 08:17:46,951194,951153,2020-05-05 08:17:46.059
2020-05-05 08:17:46,951194,951153,2020-05-05 08:17:46.370
2020-05-05 08:17:46,951227,951222,2020-05-05 08:17:46.655
2020-05-05 08:17:46,951227,951222,2020-05-05 08:17:46.931
2020-05-05 08:17:47,951227,951365,2020-05-05 08:17:47.243
2020-05-05 08:17:47,951227,951322,2020-05-05 08:17:47.528
2020-05-05 08:17:47,951227,951317,2020-05-05 08:17:47.801
2020-05-05 08:17:48,951217,951317,2020-05-05 08:17:48.058
2020-05-05 08:17:48,951217,951313,2020-05-05 08:17:48.353
2020-05-05 08:17:48,951217,951313,2020-05-05 08:17:48.634
2020-05-05 08:17:48,951217,951313,2020-05-05 08:17:48.914
2020-05-05 08:17:49,951217,951317,2020-05-05 08:17:49.173
2020-05-05 08:17:49,951217,951313,2020-05-05 08:17:49.558
2020-05-05 08:17:50,951194,951214,2020-05-05 08:17:50.048
2020-05-05 08:17:50,951194,951214,2020-05-05 08:17:50.325
2020-05-05 08:17:50,951194,951214,2020-05-05 08:17:50.587
2020-05-05 08:17:50,951194,951214,2020-05-05 08:17:50.859
2020-05-05 08:17:51,951194,951214,2020-05-05 08:17:51.246
2020-05-05 08:17:51,951194,951214,2020-05-05 08:17:51.672
2020-05-05 08:17:52,951194,951214,2020-05-05 08:17:52.008
2020-05-05 08:17:52,951194,951214,2020-05-05 08:17:52.300
2020-05-05 08:17:52,951194,951214,2020-05-05 08:17:52.656
2020-05-05 08:17:52,951194,951401,2020-05-05 08:17:52.929
2020-05-05 08:17:53,951194,951401,2020-05-05 08:17:53.218
2020-05-05 08:17:53,951401,951401,2020-05-05 08:17:53.577
2020-05-05 08:17:53,951401,951401,2020-05-05 08:17:53.896
2020-05-05 08:17:54,951401,951396,2020-05-05 08:17:54.327
2020-05-05 08:17:54,951401,951440,2020-05-05 08:17:54.590
2020-05-05 08:17:54,951401,951411,2020-05-05 08:17:54.895
2020-05-05 08:17:55,951401,951411,2020-05-05 08:17:55.160
2020-05-05 08:17:55,951401,951411,2020-05-05 08:17:55.416
2020-05-05 08:17:55,951241,951400,2020-05-05 08:17:55.684
2020-05-05 08:17:55,951241,951400,2020-05-05 08:17:55.951
2020-05-05 08:17:56,951241,951400,2020-05-05 08:17:56.320
2020-05-05 08:17:56,951241,951400,2020-05-05 08:17:56.632
2020-05-05 08:17:56,951241,951236,2020-05-05 08:17:56.907
2020-05-05 08:17:57,951241,951236,2020-05-05 08:17:57.164
2020-05-05 08:17:57,951241,951236,2020-05-05 08:17:57.447
2020-05-05 08:17:57,951241,951236,2020-05-05 08:17:57.822
2020-05-05 08:17:58,951241,951236,2020-05-05 08:17:58.539
2020-05-05 08:17:58,951241,951236,2020-05-05 08:17:58.950
2020-05-05 08:17:59,951241,951236,2020-05-05 08:17:59.227
2020-05-05 08:17:59,951241,951236,2020-05-05 08:17:59.486
2020-05-05 08:17:59,951186,951236,2020-05-05 08:17:59.782
2020-05-05 08:18:00,951186,951185,2020-05-05 08:18:00.108
2020-05-05 08:18:00,951186,951185,2020-05-05 08:18:00.422
2020-05-05 08:18:00,951186,951185,2020-05-05 08:18:00.694
2020-05-05 08:18:01,951186,951185,2020-05-05 08:18:01.120
2020-05-05 08:18:01,951186,951185,2020-05-05 08:18:01.442
2020-05-05 08:18:01,951186,951185,2020-05-05 08:18:01.719
2020-05-05 08:18:02,951186,951185,2020-05-05 08:18:02.082
2020-05-05 08:18:02,951186,951185,2020-05-05 08:18:02.426
2020-05-05 08:18:02,951186,951185,2020-05-05 08:18:02.734
2020-05-05 08:18:03,951148,951185,2020-05-05 08:18:03.011
2020-05-05 08:18:03,951147,951279,2020-05-05 08:18:03.298
2020-05-05 08:18:03,951147,951279,2020-05-05 08:18:03.645
2020-05-05 08:18:04,951147,951145,2020-05-05 08:18:04.021
2020-05-05 08:18:04,951147,951145,2020-05-05 08:18:04.439
2020-05-05 08:18:04,951147,951145,2020-05-05 08:18:04.715
2020-05-05 08:18:05,951147,951145,2020-05-05 08:18:05.088
2020-05-05 08:18:05,951147,951145,2020-05-05 08:18:05.455
2020-05-05 08:18:05,951147,951145,2020-05-05 08:18:05.729
2020-05-05 08:18:06,951147,951145,2020-05-05 08:18:06.026
2020-05-05 08:18:06,951147,951145,2020-05-05 08:18:06.295
2020-05-05 08:18:06,951147,951145,2020-05-05 08:18:06.622
2020-05-05 08:18:06,951147,951145,2020-05-05 08:18:06.885
2020-05-05 08:18:07,951147,951145,2020-05-05 08:18:07.264
2020-05-05 08:18:07,951147,951311,2020-05-05 08:18:07.565
2020-05-05 08:18:07,951147,951311,2020-05-05 08:18:07.858
2020-05-05 08:18:08,951147,951311,2020-05-05 08:18:08.168
2020-05-05 08:18:08,951147,951311,2020-05-05 08:18:08.446
2020-05-05 08:18:08,951280,951280,2020-05-05 08:18:08.837
2020-05-05 08:18:09,951280,951269,2020-05-05 08:18:09.100
2020-05-05 08:18:09,951280,951269,2020-05-05 08:18:09.438
2020-05-05 08:18:09,951280,951269,2020-05-05 08:18:09.710
2020-05-05 08:18:10,951280,951269,2020-05-05 08:18:10.048
2020-05-05 08:18:10,951280,951311,2020-05-05 08:18:10.391
2020-05-05 08:18:10,951280,951364,2020-05-05 08:18:10.649
2020-05-05 08:18:10,951280,951364,2020-05-05 08:18:10.944
2020-05-05 08:18:11,951280,951364,2020-05-05 08:18:11.212
2020-05-05 08:18:11,951128,951364,2020-05-05 08:18:11.523
2020-05-05 08:18:11,951071,951245,2020-05-05 08:18:11.853
2020-05-05 08:18:12,951071,951245,2020-05-05 08:18:12.142
2020-05-05 08:18:12,951071,951245,2020-05-05 08:18:12.414
2020-05-05 08:18:12,951071,951245,2020-05-05 08:18:12.697
2020-05-05 08:18:12,951071,951245,2020-05-05 08:18:12.986
2020-05-05 08:18:13,951071,951245,2020-05-05 08:18:13.347
2020-05-05 08:18:13,951076,951245,2020-05-05 08:18:13.630
2020-05-05 08:18:13,951076,951245,2020-05-05 08:18:13.888
2020-05-05 08:18:14,951076,951381,2020-05-05 08:18:14.565
2020-05-05 08:18:14,951076,951381,2020-05-05 08:18:14.819
2020-05-05 08:18:15,951102,951380,2020-05-05 08:18:15.075
2020-05-05 08:18:15,951102,951380,2020-05-05 08:18:15.335
2020-05-05 08:18:15,951102,951380,2020-05-05 08:18:15.677
2020-05-05 08:18:15,951102,951370,2020-05-05 08:18:15.950
2020-05-05 08:18:16,951102,951370,2020-05-05 08:18:16.253
2020-05-05 08:18:16,951106,951370,2020-05-05 08:18:16.548
2020-05-05 08:18:16,951106,951330,2020-05-05 08:18:16.808
2020-05-05 08:18:17,951106,951330,2020-05-05 08:18:17.092
2020-05-05 08:18:17,951106,951330,2020-05-05 08:18:17.501
2020-05-05 08:18:17,951196,951330,2020-05-05 08:18:17.873
2020-05-05 08:18:18,951196,951330,2020-05-05 08:18:18.169
2020-05-05 08:18:18,951196,951330,2020-05-05 08:18:18.435
2020-05-05 08:18:18,951196,951381,2020-05-05 08:18:18.707
2020-05-05 08:18:18,951196,951400,2020-05-05 08:18:18.983
2020-05-05 08:18:19,951335,951400,2020-05-05 08:18:19.251
2020-05-05 08:18:19,951363,951400,2020-05-05 08:18:19.509
2020-05-05 08:18:19,951335,951340,2020-05-05 08:18:19.901
2020-05-05 08:18:20,951352,951388,2020-05-05 08:18:20.205
2020-05-05 08:18:20,951352,951400,2020-05-05 08:18:20.477
2020-05-05 08:18:20,951352,951400,2020-05-05 08:18:20.763
2020-05-05 08:18:21,951352,951400,2020-05-05 08:18:21.041
2020-05-05 08:18:21,951352,951400,2020-05-05 08:18:21.367
2020-05-05 08:18:21,951352,951400,2020-05-05 08:18:21.642
2020-05-05 08:18:21,951357,951400,2020-05-05 08:18:21.900
2020-05-05 08:18:22,951357,951389,2020-05-05 08:18:22.169
2020-05-05 08:18:22,951214,951400,2020-05-05 08:18:22.473
2020-05-05 08:18:22,951245,951400,2020-05-05 08:18:22.874
2020-05-05 08:18:23,951245,951400,2020-05-05 08:18:23.139
2020-05-05 08:18:23,951245,951400,2020-05-05 08:18:23.439
2020-05-05 08:18:23,951245,951400,2020-05-05 08:18:23.713
2020-05-05 08:18:24,951245,951400,2020-05-05 08:18:24.001
2020-05-05 08:18:24,951245,951390,2020-05-05 08:18:24.283
2020-05-05 08:18:24,951245,951390,2020-05-05 08:18:24.562
2020-05-05 08:18:24,951245,951390,2020-05-05 08:18:24.857
2020-05-05 08:18:25,951392,951390,2020-05-05 08:18:25.121
2020-05-05 08:18:25,951392,951385,2020-05-05 08:18:25.400
2020-05-05 08:18:25,951392,951400,2020-05-05 08:18:25.673
2020-05-05 08:18:26,951392,951400,2020-05-05 08:18:25.985
2020-05-05 08:18:26,951392,951389,2020-05-05 08:18:26.282
2020-05-05 08:18:26,951392,951389,2020-05-05 08:18:26.542
2020-05-05 08:18:26,951245,951389,2020-05-05 08:18:26.808
2020-05-05 08:18:27,951245,951400,2020-05-05 08:18:27.094
2020-05-05 08:18:27,951246,951400,2020-05-05 08:18:27.379
2020-05-05 08:18:27,951313,951400,2020-05-05 08:18:27.662
2020-05-05 08:18:27,951313,951400,2020-05-05 08:18:27.941
2020-05-05 08:18:28,951396,951396,2020-05-05 08:18:28.227
2020-05-05 08:18:28,951396,951396,2020-05-05 08:18:28.492
2020-05-05 08:18:28,951396,951396,2020-05-05 08:18:28.830
2020-05-05 08:18:29,951396,951396,2020-05-05 08:18:29.128
2020-05-05 08:18:29,951396,951388,2020-05-05 08:18:29.468
2020-05-05 08:18:29,951396,951388,2020-05-05 08:18:29.842
2020-05-05 08:18:30,951396,951397,2020-05-05 08:18:30.104
2020-05-05 08:18:30,951396,951389,2020-05-05 08:18:30.371
2020-05-05 08:18:30,951396,951389,2020-05-05 08:18:30.648
2020-05-05 08:18:30,951396,951389,2020-05-05 08:18:30.943
2020-05-05 08:18:31,951396,951389,2020-05-05 08:18:31.288
2020-05-05 08:18:31,951396,951389,2020-05-05 08:18:31.644
2020-05-05 08:18:31,951396,951389,2020-05-05 08:18:31.940
2020-05-05 08:18:32,951396,951389,2020-05-05 08:18:32.200
2020-05-05 08:18:32,951396,951389,2020-05-05 08:18:32.459
2020-05-05 08:18:32,951396,951400,2020-05-05 08:18:32.715
2020-05-05 08:18:32,951396,951396,2020-05-05 08:18:32.982
2020-05-05 08:18:33,951395,951396,2020-05-05 08:18:33.382
2020-05-05 08:18:33,951395,951397,2020-05-05 08:18:33.675
2020-05-05 08:18:34,951395,951400,2020-05-05 08:18:34.398
2020-05-05 08:18:34,951388,951389,2020-05-05 08:18:34.684
2020-05-05 08:18:35,951388,951400,2020-05-05 08:18:35.005
2020-05-05 08:18:35,951398,951400,2020-05-05 08:18:35.293
2020-05-05 08:18:35,951398,951400,2020-05-05 08:18:35.569
2020-05-05 08:18:35,951398,951400,2020-05-05 08:18:35.872
2020-05-05 08:18:36,951398,951400,2020-05-05 08:18:36.157
2020-05-05 08:18:36,951398,951390,2020-05-05 08:18:36.475
2020-05-05 08:18:36,951347,951390,2020-05-05 08:18:36.732
2020-05-05 08:18:37,951347,951357,2020-05-05 08:18:37.069
2020-05-05 08:18:37,951356,951357,2020-05-05 08:18:37.325
2020-05-05 08:18:37,951356,951357,2020-05-05 08:18:37.604
2020-05-05 08:18:37,951356,951357,2020-05-05 08:18:37.903
2020-05-05 08:18:38,951360,951390,2020-05-05 08:18:38.165
2020-05-05 08:18:38,951360,951389,2020-05-05 08:18:38.485
2020-05-05 08:18:38,951344,951355,2020-05-05 08:18:38.753
2020-05-05 08:18:39,951345,951344,2020-05-05 08:18:39.022
2020-05-05 08:18:39,951345,951218,2020-05-05 08:18:39.317
2020-05-05 08:18:39,951161,951184,2020-05-05 08:18:39.600
2020-05-05 08:18:39,951161,951184,2020-05-05 08:18:39.867
2020-05-05 08:18:40,951115,951378,2020-05-05 08:18:40.192
2020-05-05 08:18:40,951115,951390,2020-05-05 08:18:40.457
2020-05-05 08:18:40,951147,951386,2020-05-05 08:18:40.723
2020-05-05 08:18:41,951147,951349,2020-05-05 08:18:41.110
2020-05-05 08:18:41,951147,951349,2020-05-05 08:18:41.461
2020-05-05 08:18:41,951147,951349,2020-05-05 08:18:41.745
2020-05-05 08:18:42,951147,951293,2020-05-05 08:18:42.035
2020-05-05 08:18:42,951147,951293,2020-05-05 08:18:42.360
2020-05-05 08:18:42,951168,951293,2020-05-05 08:18:42.774
2020-05-05 08:18:43,951194,951293,2020-05-05 08:18:43.195
2020-05-05 08:18:43,951194,951293,2020-05-05 08:18:43.661
2020-05-05 08:18:43,951194,951293,2020-05-05 08:18:43.980
2020-05-05 08:18:44,951194,951293,2020-05-05 08:18:44.236
2020-05-05 08:18:44,951194,951293,2020-05-05 08:18:44.524
2020-05-05 08:18:44,951194,951293,2020-05-05 08:18:44.886
2020-05-05 08:18:45,951194,951293,2020-05-05 08:18:45.150
2020-05-05 08:18:45,951194,951293,2020-05-05 08:18:45.464
2020-05-05 08:18:45,951194,951293,2020-05-05 08:18:45.796
2020-05-05 08:18:46,951194,951300,2020-05-05 08:18:46.057
2020-05-05 08:18:46,951194,951300,2020-05-05 08:18:46.377
2020-05-05 08:18:46,951194,951289,2020-05-05 08:18:46.650
2020-05-05 08:18:46,951194,951289,2020-05-05 08:18:46.951
2020-05-05 08:18:47,951194,951289,2020-05-05 08:18:47.244
2020-05-05 08:18:47,951194,951289,2020-05-05 08:18:47.507
2020-05-05 08:18:47,951194,951289,2020-05-05 08:18:47.812
2020-05-05 08:18:48,951194,951289,2020-05-05 08:18:48.151
2020-05-05 08:18:48,951194,951289,2020-05-05 08:18:48.479
2020-05-05 08:18:48,951194,951289,2020-05-05 08:18:48.768
2020-05-05 08:18:49,951194,951289,2020-05-05 08:18:49.052
2020-05-05 08:18:49,951194,951288,2020-05-05 08:18:49.376
2020-05-05 08:18:49,951194,951288,2020-05-05 08:18:49.650
2020-05-05 08:18:49,951194,951288,2020-05-05 08:18:49.987
2020-05-05 08:18:50,951194,951288,2020-05-05 08:18:50.525
2020-05-05 08:18:50,951194,951288,2020-05-05 08:18:50.810
2020-05-05 08:18:51,951194,951288,2020-05-05 08:18:51.135
2020-05-05 08:18:51,951194,951288,2020-05-05 08:18:51.423
2020-05-05 08:18:51,951194,951288,2020-05-05 08:18:51.703
2020-05-05 08:18:51,951194,951288,2020-05-05 08:18:51.988
2020-05-05 08:18:52,951194,951288,2020-05-05 08:18:52.328
2020-05-05 08:18:52,951194,951288,2020-05-05 08:18:52.611
2020-05-05 08:18:52,951194,951288,2020-05-05 08:18:52.948
2020-05-05 08:18:53,951194,951288,2020-05-05 08:18:53.214
2020-05-05 08:18:53,951194,951288,2020-05-05 08:18:53.474
2020-05-05 08:18:53,951194,951276,2020-05-05 08:18:53.751
2020-05-05 08:18:54,951194,951276,2020-05-05 08:18:54.048
2020-05-05 08:18:54,951194,951276,2020-05-05 08:18:54.339
2020-05-05 08:18:54,951194,951276,2020-05-05 08:18:54.627
2020-05-05 08:18:54,951194,951276,2020-05-05 08:18:54.952
2020-05-05 08:18:55,951194,951276,2020-05-05 08:18:55.271
2020-05-05 08:18:55,951194,951276,2020-05-05 08:18:55.554
2020-05-05 08:18:55,951194,951276,2020-05-05 08:18:55.850
2020-05-05 08:18:56,951194,951276,2020-05-05 08:18:56.114
2020-05-05 08:18:56,951194,951276,2020-05-05 08:18:56.559
2020-05-05 08:18:56,951194,951276,2020-05-05 08:18:56.863
2020-05-05 08:18:57,951194,951276,2020-05-05 08:18:57.168
2020-05-05 08:18:57,951194,951276,2020-05-05 08:18:57.442
2020-05-05 08:18:57,951194,951276,2020-05-05 08:18:57.703
2020-05-05 08:18:57,951194,951276,2020-05-05 08:18:57.982
2020-05-05 08:18:58,951194,951276,2020-05-05 08:18:58.248
2020-05-05 08:18:58,951194,951276,2020-05-05 08:18:58.534
2020-05-05 08:18:58,951194,951268,2020-05-05 08:18:58.802
2020-05-05 08:18:59,951194,951268,2020-05-05 08:18:59.101
2020-05-05 08:18:59,951194,951268,2020-05-05 08:18:59.391
2020-05-05 08:18:59,951194,951268,2020-05-05 08:18:59.679
2020-05-05 08:19:00,951194,951268,2020-05-05 08:19:00.061
2020-05-05 08:19:00,951194,951268,2020-05-05 08:19:00.340
2020-05-05 08:19:00,951194,951268,2020-05-05 08:19:00.644
2020-05-05 08:19:00,951194,951268,2020-05-05 08:19:00.917
2020-05-05 08:19:01,951194,951268,2020-05-05 08:19:01.199
2020-05-05 08:19:01,951194,951268,2020-05-05 08:19:01.452
2020-05-05 08:19:01,951194,951268,2020-05-05 08:19:01.714
2020-05-05 08:19:01,951194,951268,2020-05-05 08:19:01.982
2020-05-05 08:19:02,951194,951268,2020-05-05 08:19:02.305
2020-05-05 08:19:02,951194,951268,2020-05-05 08:19:02.579
2020-05-05 08:19:02,951194,951254,2020-05-05 08:19:02.863
2020-05-05 08:19:03,951194,951254,2020-05-05 08:19:03.146
2020-05-05 08:19:03,951194,951290,2020-05-05 08:19:03.421
2020-05-05 08:19:03,951296,951296,2020-05-05 08:19:03.703
2020-05-05 08:19:03,951296,951291,2020-05-05 08:19:03.977
2020-05-05 08:19:04,951296,951291,2020-05-05 08:19:04.247
2020-05-05 08:19:04,951296,951291,2020-05-05 08:19:04.517
2020-05-05 08:19:04,951296,951291,2020-05-05 08:19:04.787
2020-05-05 08:19:05,951296,951290,2020-05-05 08:19:05.039
2020-05-05 08:19:05,951296,951299,2020-05-05 08:19:05.315
2020-05-05 08:19:05,951296,951300,2020-05-05 08:19:05.623
2020-05-05 08:19:05,951296,951300,2020-05-05 08:19:05.884
2020-05-05 08:19:06,951296,951288,2020-05-05 08:19:06.223
2020-05-05 08:19:06,951296,951288,2020-05-05 08:19:06.495
2020-05-05 08:19:06,951296,951300,2020-05-05 08:19:06.774
2020-05-05 08:19:07,951296,951288,2020-05-05 08:19:07.045
2020-05-05 08:19:07,951296,951288,2020-05-05 08:19:07.318
2020-05-05 08:19:07,951296,951288,2020-05-05 08:19:07.572
2020-05-05 08:19:07,951296,951288,2020-05-05 08:19:07.835
2020-05-05 08:19:08,951296,951288,2020-05-05 08:19:08.132
2020-05-05 08:19:08,951296,951288,2020-05-05 08:19:08.394
2020-05-05 08:19:08,951296,951288,2020-05-05 08:19:08.688
2020-05-05 08:19:09,951296,951288,2020-05-05 08:19:08.994
2020-05-05 08:19:09,951296,951288,2020-05-05 08:19:09.295
2020-05-05 08:19:09,951296,951288,2020-05-05 08:19:09.585
2020-05-05 08:19:09,951296,951288,2020-05-05 08:19:09.973
2020-05-05 08:19:10,951296,951288,2020-05-05 08:19:10.486
2020-05-05 08:19:10,951296,951288,2020-05-05 08:19:10.797
2020-05-05 08:19:11,951296,951288,2020-05-05 08:19:11.069
2020-05-05 08:19:11,951296,951288,2020-05-05 08:19:11.496
2020-05-05 08:19:11,951296,951288,2020-05-05 08:19:11.768
2020-05-05 08:19:12,951296,951288,2020-05-05 08:19:12.122
2020-05-05 08:19:12,951296,951288,2020-05-05 08:19:12.527
2020-05-05 08:19:12,951296,951288,2020-05-05 08:19:12.794
2020-05-05 08:19:13,951296,951288,2020-05-05 08:19:13.116
2020-05-05 08:19:13,951296,951288,2020-05-05 08:19:13.393
2020-05-05 08:19:13,951296,951288,2020-05-05 08:19:13.697
2020-05-05 08:19:13,951296,951284,2020-05-05 08:19:13.955
2020-05-05 08:19:14,951296,951284,2020-05-05 08:19:14.229
2020-05-05 08:19:14,951133,951284,2020-05-05 08:19:14.515
2020-05-05 08:19:14,951133,951284,2020-05-05 08:19:14.794
2020-05-05 08:19:15,951133,951264,2020-05-05 08:19:15.072
2020-05-05 08:19:15,951269,951284,2020-05-05 08:19:15.339
2020-05-05 08:19:15,951269,951284,2020-05-05 08:19:15.837
2020-05-05 08:19:16,951269,951284,2020-05-05 08:19:16.128
2020-05-05 08:19:16,951269,951289,2020-05-05 08:19:16.385
2020-05-05 08:19:16,951269,951289,2020-05-05 08:19:16.657
2020-05-05 08:19:16,951269,951200,2020-05-05 08:19:16.955
2020-05-05 08:19:17,951269,951190,2020-05-05 08:19:17.243
2020-05-05 08:19:17,951269,951190,2020-05-05 08:19:17.528
2020-05-05 08:19:17,951269,951190,2020-05-05 08:19:17.804
2020-05-05 08:19:18,951269,951188,2020-05-05 08:19:18.093
2020-05-05 08:19:18,951269,951188,2020-05-05 08:19:18.539
2020-05-05 08:19:18,951269,951188,2020-05-05 08:19:18.832
2020-05-05 08:19:19,951159,951188,2020-05-05 08:19:19.374
2020-05-05 08:19:19,951159,951196,2020-05-05 08:19:19.649
2020-05-05 08:19:19,951188,951200,2020-05-05 08:19:19.927
2020-05-05 08:19:20,951188,951200,2020-05-05 08:19:20.271
2020-05-05 08:19:20,951188,951200,2020-05-05 08:19:20.549
2020-05-05 08:19:20,951194,951200,2020-05-05 08:19:20.822
2020-05-05 08:19:21,951194,951200,2020-05-05 08:19:21.116
2020-05-05 08:19:21,951194,951200,2020-05-05 08:19:21.393
2020-05-05 08:19:21,951194,951200,2020-05-05 08:19:21.681
2020-05-05 08:19:22,951194,951196,2020-05-05 08:19:22.024
2020-05-05 08:19:22,951194,951200,2020-05-05 08:19:22.333
2020-05-05 08:19:22,951194,951200,2020-05-05 08:19:22.631
2020-05-05 08:19:22,951193,951200,2020-05-05 08:19:22.945
2020-05-05 08:19:23,951193,951200,2020-05-05 08:19:23.229
2020-05-05 08:19:23,951193,951200,2020-05-05 08:19:23.535
2020-05-05 08:19:24,951193,951289,2020-05-05 08:19:23.882
2020-05-05 08:19:24,951193,951200,2020-05-05 08:19:24.314
2020-05-05 08:19:24,951326,951495,2020-05-05 08:19:24.581
2020-05-05 08:19:24,951220,951496,2020-05-05 08:19:24.894
2020-05-05 08:19:25,951286,951496,2020-05-05 08:19:25.590
2020-05-05 08:19:25,951286,951495,2020-05-05 08:19:25.851
2020-05-05 08:19:26,951286,951496,2020-05-05 08:19:26.117
2020-05-05 08:19:26,951286,951496,2020-05-05 08:19:26.388
2020-05-05 08:19:26,951286,951496,2020-05-05 08:19:26.770
2020-05-05 08:19:27,951286,951496,2020-05-05 08:19:27.178
2020-05-05 08:19:27,951294,951496,2020-05-05 08:19:27.486
2020-05-05 08:19:27,951294,951496,2020-05-05 08:19:27.748
2020-05-05 08:19:28,951294,951619,2020-05-05 08:19:28.015
2020-05-05 08:19:28,951348,951619,2020-05-05 08:19:28.309
2020-05-05 08:19:28,951348,951619,2020-05-05 08:19:28.598
2020-05-05 08:19:28,951351,951614,2020-05-05 08:19:28.860
2020-05-05 08:19:29,951351,951614,2020-05-05 08:19:29.146
2020-05-05 08:19:29,951421,951614,2020-05-05 08:19:29.513
2020-05-05 08:19:29,951421,951614,2020-05-05 08:19:29.812
2020-05-05 08:19:30,951351,951574,2020-05-05 08:19:30.084
2020-05-05 08:19:30,951351,951574,2020-05-05 08:19:30.360
2020-05-05 08:19:30,951351,951574,2020-05-05 08:19:30.661
2020-05-05 08:19:30,951351,951574,2020-05-05 08:19:30.955
2020-05-05 08:19:31,951351,951574,2020-05-05 08:19:31.227
2020-05-05 08:19:31,951351,951574,2020-05-05 08:19:31.581
2020-05-05 08:19:31,951421,951574,2020-05-05 08:19:31.903
2020-05-05 08:19:32,951421,951574,2020-05-05 08:19:32.231
2020-05-05 08:19:32,951421,951574,2020-05-05 08:19:32.749
2020-05-05 08:19:33,951446,951574,2020-05-05 08:19:33.052
2020-05-05 08:19:33,951446,951574,2020-05-05 08:19:33.341
2020-05-05 08:19:33,951446,951574,2020-05-05 08:19:33.636
2020-05-05 08:19:33,951446,951574,2020-05-05 08:19:33.896
2020-05-05 08:19:34,951446,951574,2020-05-05 08:19:34.186
2020-05-05 08:19:34,951446,951574,2020-05-05 08:19:34.456
2020-05-05 08:19:34,951446,951574,2020-05-05 08:19:34.736
2020-05-05 08:19:34,951447,951574,2020-05-05 08:19:34.992
2020-05-05 08:19:35,951447,951574,2020-05-05 08:19:35.250
2020-05-05 08:19:35,951450,951574,2020-05-05 08:19:35.515
2020-05-05 08:19:35,951450,951574,2020-05-05 08:19:35.785
2020-05-05 08:19:36,951450,951574,2020-05-05 08:19:36.052
2020-05-05 08:19:36,951450,951574,2020-05-05 08:19:36.399
2020-05-05 08:19:36,951450,951574,2020-05-05 08:19:36.709
2020-05-05 08:19:37,951450,951574,2020-05-05 08:19:37.211
2020-05-05 08:19:37,951450,951574,2020-05-05 08:19:37.489
2020-05-05 08:19:37,951450,951574,2020-05-05 08:19:37.753
2020-05-05 08:19:38,951468,951574,2020-05-05 08:19:38.119
2020-05-05 08:19:38,951592,951574,2020-05-05 08:19:38.389
2020-05-05 08:19:38,951468,951508,2020-05-05 08:19:38.894
2020-05-05 08:19:39,951468,951508,2020-05-05 08:19:39.195
2020-05-05 08:19:39,951468,951508,2020-05-05 08:19:39.469
2020-05-05 08:19:39,951468,951508,2020-05-05 08:19:39.778
2020-05-05 08:19:40,951468,951508,2020-05-05 08:19:40.110
2020-05-05 08:19:40,951468,951508,2020-05-05 08:19:40.513
2020-05-05 08:19:40,951468,951508,2020-05-05 08:19:40.790
2020-05-05 08:19:41,951468,951508,2020-05-05 08:19:41.242
2020-05-05 08:19:41,951468,951508,2020-05-05 08:19:41.544
2020-05-05 08:19:41,951447,951445,2020-05-05 08:19:41.804
2020-05-05 08:19:42,951447,951445,2020-05-05 08:19:42.066
2020-05-05 08:19:42,951447,951445,2020-05-05 08:19:42.331
2020-05-05 08:19:42,951351,951445,2020-05-05 08:19:42.645
2020-05-05 08:19:42,951400,951445,2020-05-05 08:19:42.937
2020-05-05 08:19:43,951400,951445,2020-05-05 08:19:43.222
2020-05-05 08:19:43,951400,951445,2020-05-05 08:19:43.520
2020-05-05 08:19:43,951400,951445,2020-05-05 08:19:43.795
2020-05-05 08:19:44,951400,951445,2020-05-05 08:19:44.076
2020-05-05 08:19:44,951400,951445,2020-05-05 08:19:44.366
2020-05-05 08:19:44,951400,951445,2020-05-05 08:19:44.666
2020-05-05 08:19:44,951400,951445,2020-05-05 08:19:44.921
2020-05-05 08:19:45,951400,951445,2020-05-05 08:19:45.201
2020-05-05 08:19:45,951400,951445,2020-05-05 08:19:45.665
2020-05-05 08:19:46,951418,951445,2020-05-05 08:19:46.007
2020-05-05 08:19:46,951418,951445,2020-05-05 08:19:46.316
2020-05-05 08:19:46,951418,951445,2020-05-05 08:19:46.618
2020-05-05 08:19:47,951418,951445,2020-05-05 08:19:46.896
2020-05-05 08:19:47,951418,951445,2020-05-05 08:19:47.291
2020-05-05 08:19:47,951400,951444,2020-05-05 08:19:47.553
2020-05-05 08:19:47,951400,951444,2020-05-05 08:19:47.825
2020-05-05 08:19:48,951400,951439,2020-05-05 08:19:48.090
2020-05-05 08:19:48,951294,951400,2020-05-05 08:19:48.349
2020-05-05 08:19:48,951294,951392,2020-05-05 08:19:48.637
2020-05-05 08:19:48,951294,951392,2020-05-05 08:19:48.898
2020-05-05 08:19:49,951294,951392,2020-05-05 08:19:49.188
2020-05-05 08:19:49,951294,951392,2020-05-05 08:19:49.444
2020-05-05 08:19:49,951294,951392,2020-05-05 08:19:49.732
2020-05-05 08:19:50,951392,951400,2020-05-05 08:19:50.005
2020-05-05 08:19:50,951395,951375,2020-05-05 08:19:50.341
2020-05-05 08:19:50,951395,951375,2020-05-05 08:19:50.640
2020-05-05 08:19:50,951395,951375,2020-05-05 08:19:50.903
2020-05-05 08:19:51,951454,951375,2020-05-05 08:19:51.216
2020-05-05 08:19:51,951454,951375,2020-05-05 08:19:51.487
2020-05-05 08:19:51,951454,951375,2020-05-05 08:19:51.746
2020-05-05 08:19:52,951454,951375,2020-05-05 08:19:52.010
2020-05-05 08:19:52,951454,951375,2020-05-05 08:19:52.283
2020-05-05 08:19:52,951454,951375,2020-05-05 08:19:52.850
2020-05-05 08:19:53,951294,951375,2020-05-05 08:19:53.418
2020-05-05 08:19:53,951307,951375,2020-05-05 08:19:53.858
2020-05-05 08:19:54,951307,951502,2020-05-05 08:19:54.153
2020-05-05 08:19:54,951492,951502,2020-05-05 08:19:54.422
2020-05-05 08:19:54,951492,951502,2020-05-05 08:19:54.764
2020-05-05 08:19:55,951492,951606,2020-05-05 08:19:55.061
2020-05-05 08:19:55,951492,951606,2020-05-05 08:19:55.353
2020-05-05 08:19:55,951492,951488,2020-05-05 08:19:55.620
2020-05-05 08:19:55,951492,951769,2020-05-05 08:19:55.890
2020-05-05 08:19:56,951492,951654,2020-05-05 08:19:56.175
2020-05-05 08:19:56,951492,951646,2020-05-05 08:19:56.453
2020-05-05 08:19:56,951492,951646,2020-05-05 08:19:56.716
2020-05-05 08:19:57,951492,951483,2020-05-05 08:19:56.989
2020-05-05 08:19:57,951492,951483,2020-05-05 08:19:57.258
2020-05-05 08:19:57,951492,951483,2020-05-05 08:19:57.535
2020-05-05 08:19:57,951492,951483,2020-05-05 08:19:57.797
2020-05-05 08:19:58,951492,951483,2020-05-05 08:19:58.130
2020-05-05 08:19:58,951492,951483,2020-05-05 08:19:58.506
2020-05-05 08:19:58,951492,951483,2020-05-05 08:19:58.818
2020-05-05 08:19:59,951492,951483,2020-05-05 08:19:59.104
2020-05-05 08:19:59,951492,951483,2020-05-05 08:19:59.370
2020-05-05 08:19:59,951492,951483,2020-05-05 08:19:59.630
2020-05-05 08:20:00,951492,951483,2020-05-05 08:20:00.007
2020-05-05 08:20:00,951492,951483,2020-05-05 08:20:00.281
2020-05-05 08:20:00,951492,951646,2020-05-05 08:20:00.569
2020-05-05 08:20:00,951492,951646,2020-05-05 08:20:00.827
2020-05-05 08:20:01,951492,951646,2020-05-05 08:20:01.112
2020-05-05 08:20:01,951492,951646,2020-05-05 08:20:01.378
2020-05-05 08:20:01,951492,951646,2020-05-05 08:20:01.803
2020-05-05 08:20:02,951492,951646,2020-05-05 08:20:02.357
2020-05-05 08:20:02,951396,951646,2020-05-05 08:20:02.637
2020-05-05 08:20:02,951436,951801,2020-05-05 08:20:02.979
2020-05-05 08:20:03,951456,951792,2020-05-05 08:20:03.270
2020-05-05 08:20:03,951456,951792,2020-05-05 08:20:03.546
2020-05-05 08:20:03,951456,951792,2020-05-05 08:20:03.859
2020-05-05 08:20:04,951456,951771,2020-05-05 08:20:04.144
2020-05-05 08:20:04,951456,951725,2020-05-05 08:20:04.559
2020-05-05 08:20:04,951456,951725,2020-05-05 08:20:04.822
2020-05-05 08:20:05,951456,951725,2020-05-05 08:20:05.132
2020-05-05 08:20:05,951456,951725,2020-05-05 08:20:05.821
2020-05-05 08:20:06,951456,951725,2020-05-05 08:20:06.131
2020-05-05 08:20:06,951456,951725,2020-05-05 08:20:06.397
2020-05-05 08:20:06,951479,951459,2020-05-05 08:20:06.667
2020-05-05 08:20:06,951479,951459,2020-05-05 08:20:06.955
2020-05-05 08:20:07,951479,951459,2020-05-05 08:20:07.232
2020-05-05 08:20:07,951479,951459,2020-05-05 08:20:07.490
2020-05-05 08:20:07,951479,951459,2020-05-05 08:20:07.745
2020-05-05 08:20:08,951479,951459,2020-05-05 08:20:08.046
2020-05-05 08:20:08,951479,951459,2020-05-05 08:20:08.329
2020-05-05 08:20:08,951479,951459,2020-05-05 08:20:08.830
2020-05-05 08:20:09,951479,951459,2020-05-05 08:20:09.413
2020-05-05 08:20:09,951479,951459,2020-05-05 08:20:09.790
2020-05-05 08:20:10,951479,951459,2020-05-05 08:20:10.052
2020-05-05 08:20:10,951479,951459,2020-05-05 08:20:10.316
2020-05-05 08:20:10,951479,951459,2020-05-05 08:20:10.598
2020-05-05 08:20:10,951495,951459,2020-05-05 08:20:10.969
2020-05-05 08:20:11,951495,951459,2020-05-05 08:20:11.277
2020-05-05 08:20:11,951495,951796,2020-05-05 08:20:11.553
2020-05-05 08:20:11,951510,951787,2020-05-05 08:20:11.836
2020-05-05 08:20:12,951527,951787,2020-05-05 08:20:12.119
2020-05-05 08:20:12,951527,951787,2020-05-05 08:20:12.378
2020-05-05 08:20:12,951527,951787,2020-05-05 08:20:12.635
2020-05-05 08:20:12,951527,951787,2020-05-05 08:20:12.909
2020-05-05 08:20:13,951527,951787,2020-05-05 08:20:13.182
2020-05-05 08:20:13,951527,951787,2020-05-05 08:20:13.542
2020-05-05 08:20:13,951527,951787,2020-05-05 08:20:13.865
2020-05-05 08:20:14,951527,951787,2020-05-05 08:20:14.218
2020-05-05 08:20:14,951527,951748,2020-05-05 08:20:14.485
2020-05-05 08:20:14,951527,951748,2020-05-05 08:20:14.751
2020-05-05 08:20:15,951527,951748,2020-05-05 08:20:15.034
2020-05-05 08:20:15,951527,951748,2020-05-05 08:20:15.347
2020-05-05 08:20:15,951527,951748,2020-05-05 08:20:15.640
2020-05-05 08:20:15,951527,951748,2020-05-05 08:20:15.948
2020-05-05 08:20:16,951486,951748,2020-05-05 08:20:16.418
2020-05-05 08:20:16,951486,951801,2020-05-05 08:20:16.723
2020-05-05 08:20:17,951753,951783,2020-05-05 08:20:17.018
2020-05-05 08:20:17,951573,951783,2020-05-05 08:20:17.302
2020-05-05 08:20:17,951573,951783,2020-05-05 08:20:17.573
2020-05-05 08:20:17,951573,951783,2020-05-05 08:20:17.855
2020-05-05 08:20:18,951573,951783,2020-05-05 08:20:18.116
2020-05-05 08:20:18,951573,951783,2020-05-05 08:20:18.402
2020-05-05 08:20:18,951573,951783,2020-05-05 08:20:18.693
2020-05-05 08:20:19,951595,951783,2020-05-05 08:20:19.015
2020-05-05 08:20:19,951595,951879,2020-05-05 08:20:19.285
2020-05-05 08:20:19,951618,951879,2020-05-05 08:20:19.596
2020-05-05 08:20:19,951618,951865,2020-05-05 08:20:19.931
2020-05-05 08:20:20,951618,951865,2020-05-05 08:20:20.224
2020-05-05 08:20:20,951618,951865,2020-05-05 08:20:20.495
2020-05-05 08:20:20,951618,951865,2020-05-05 08:20:20.750
2020-05-05 08:20:21,951618,951833,2020-05-05 08:20:21.163
2020-05-05 08:20:21,951618,951833,2020-05-05 08:20:21.578
2020-05-05 08:20:21,951618,951833,2020-05-05 08:20:21.852
2020-05-05 08:20:22,951618,951833,2020-05-05 08:20:22.499
2020-05-05 08:20:23,951618,951833,2020-05-05 08:20:23.016
2020-05-05 08:20:23,951618,951833,2020-05-05 08:20:23.521
2020-05-05 08:20:23,951618,951771,2020-05-05 08:20:23.796
2020-05-05 08:20:24,951618,951771,2020-05-05 08:20:24.078
2020-05-05 08:20:24,951618,951771,2020-05-05 08:20:24.391
2020-05-05 08:20:24,951618,951771,2020-05-05 08:20:24.783
2020-05-05 08:20:25,951618,951771,2020-05-05 08:20:25.129
2020-05-05 08:20:25,951618,951771,2020-05-05 08:20:25.408
2020-05-05 08:20:25,951618,951771,2020-05-05 08:20:25.715
2020-05-05 08:20:26,951645,951771,2020-05-05 08:20:26.026
2020-05-05 08:20:26,951656,951771,2020-05-05 08:20:26.547
2020-05-05 08:20:26,951656,951771,2020-05-05 08:20:26.978
2020-05-05 08:20:27,951656,951833,2020-05-05 08:20:27.251
2020-05-05 08:20:27,951656,951833,2020-05-05 08:20:27.531
2020-05-05 08:20:28,951656,951833,2020-05-05 08:20:28.394
2020-05-05 08:20:28,951656,951833,2020-05-05 08:20:28.661
2020-05-05 08:20:28,951656,951833,2020-05-05 08:20:28.978
2020-05-05 08:20:29,951656,951833,2020-05-05 08:20:29.252
2020-05-05 08:20:29,951656,951833,2020-05-05 08:20:29.504
2020-05-05 08:20:29,951795,951833,2020-05-05 08:20:29.825
2020-05-05 08:20:30,951795,951833,2020-05-05 08:20:30.233
2020-05-05 08:20:30,951795,951833,2020-05-05 08:20:30.690
2020-05-05 08:20:31,951833,951833,2020-05-05 08:20:31.087
2020-05-05 08:20:31,951833,951833,2020-05-05 08:20:31.340
2020-05-05 08:20:31,951888,951890,2020-05-05 08:20:31.616
2020-05-05 08:20:31,951833,951890,2020-05-05 08:20:31.878
2020-05-05 08:20:32,951833,951948,2020-05-05 08:20:32.144
2020-05-05 08:20:32,951833,951948,2020-05-05 08:20:32.445
2020-05-05 08:20:32,951833,951948,2020-05-05 08:20:32.739
2020-05-05 08:20:33,951833,951948,2020-05-05 08:20:33.036
2020-05-05 08:20:33,951833,951948,2020-05-05 08:20:33.361
2020-05-05 08:20:33,951833,951948,2020-05-05 08:20:33.633
2020-05-05 08:20:33,951833,951948,2020-05-05 08:20:33.894
2020-05-05 08:20:34,951833,951948,2020-05-05 08:20:34.205
2020-05-05 08:20:34,951833,951948,2020-05-05 08:20:34.474
2020-05-05 08:20:34,951833,951948,2020-05-05 08:20:34.772
2020-05-05 08:20:35,951833,951948,2020-05-05 08:20:35.056
2020-05-05 08:20:35,951833,951948,2020-05-05 08:20:35.841
2020-05-05 08:20:36,951833,951948,2020-05-05 08:20:36.155
2020-05-05 08:20:36,951833,951948,2020-05-05 08:20:36.472
2020-05-05 08:20:36,951833,951948,2020-05-05 08:20:36.737
2020-05-05 08:20:37,951833,951948,2020-05-05 08:20:37.011
2020-05-05 08:20:37,951833,951948,2020-05-05 08:20:37.289
2020-05-05 08:20:37,951833,951948,2020-05-05 08:20:37.570
2020-05-05 08:20:37,951833,951948,2020-05-05 08:20:37.897
2020-05-05 08:20:38,951833,951948,2020-05-05 08:20:38.528
2020-05-05 08:20:38,951995,951991,2020-05-05 08:20:38.801
2020-05-05 08:20:39,951995,951991,2020-05-05 08:20:39.357
2020-05-05 08:20:39,951995,951991,2020-05-05 08:20:39.664
2020-05-05 08:20:40,951995,952062,2020-05-05 08:20:40.076
2020-05-05 08:20:40,951995,951990,2020-05-05 08:20:40.412
2020-05-05 08:20:40,951995,951990,2020-05-05 08:20:40.686
2020-05-05 08:20:41,951995,951990,2020-05-05 08:20:40.998
2020-05-05 08:20:41,951864,951950,2020-05-05 08:20:41.293
2020-05-05 08:20:41,951701,951850,2020-05-05 08:20:41.573
2020-05-05 08:20:42,951701,951850,2020-05-05 08:20:42.080
2020-05-05 08:20:42,951757,951833,2020-05-05 08:20:42.348
2020-05-05 08:20:42,951612,951730,2020-05-05 08:20:42.609
2020-05-05 08:20:42,951730,951730,2020-05-05 08:20:42.888
2020-05-05 08:20:43,951730,951730,2020-05-05 08:20:43.151
2020-05-05 08:20:43,951610,951730,2020-05-05 08:20:43.478
2020-05-05 08:20:43,951610,951730,2020-05-05 08:20:43.831
2020-05-05 08:20:44,951610,951807,2020-05-05 08:20:44.087
2020-05-05 08:20:44,951610,951807,2020-05-05 08:20:44.389
2020-05-05 08:20:44,951610,951807,2020-05-05 08:20:44.851
2020-05-05 08:20:45,951542,951571,2020-05-05 08:20:45.108
2020-05-05 08:20:45,951514,951571,2020-05-05 08:20:45.409
2020-05-05 08:20:45,951514,951561,2020-05-05 08:20:45.670
2020-05-05 08:20:45,951514,951561,2020-05-05 08:20:45.935
2020-05-05 08:20:46,951514,951554,2020-05-05 08:20:46.224
2020-05-05 08:20:46,951514,951554,2020-05-05 08:20:46.586
2020-05-05 08:20:46,951514,951549,2020-05-05 08:20:46.902
2020-05-05 08:20:47,951514,951549,2020-05-05 08:20:47.249
2020-05-05 08:20:47,951514,951549,2020-05-05 08:20:47.511
2020-05-05 08:20:47,951514,951549,2020-05-05 08:20:47.784
2020-05-05 08:20:48,951514,951509,2020-05-05 08:20:48.099
2020-05-05 08:20:48,951514,951509,2020-05-05 08:20:48.373
2020-05-05 08:20:48,951514,951509,2020-05-05 08:20:48.662
2020-05-05 08:20:48,951514,951509,2020-05-05 08:20:48.923
2020-05-05 08:20:49,951514,951509,2020-05-05 08:20:49.194
2020-05-05 08:20:49,951494,951495,2020-05-05 08:20:49.458
2020-05-05 08:20:49,951494,951493,2020-05-05 08:20:49.729
2020-05-05 08:20:50,951494,951493,2020-05-05 08:20:50.020
2020-05-05 08:20:50,951494,951493,2020-05-05 08:20:50.282
2020-05-05 08:20:50,951494,951493,2020-05-05 08:20:50.625
2020-05-05 08:20:50,951494,951493,2020-05-05 08:20:50.888
2020-05-05 08:20:51,951494,951493,2020-05-05 08:20:51.275
2020-05-05 08:20:51,951488,951482,2020-05-05 08:20:51.554
2020-05-05 08:20:51,951488,951482,2020-05-05 08:20:51.831
2020-05-05 08:20:52,951488,951482,2020-05-05 08:20:52.130
2020-05-05 08:20:52,951488,951482,2020-05-05 08:20:52.746
2020-05-05 08:20:53,951488,951482,2020-05-05 08:20:53.020
2020-05-05 08:20:53,951488,951482,2020-05-05 08:20:53.328
2020-05-05 08:20:53,951488,951482,2020-05-05 08:20:53.621
2020-05-05 08:20:53,951488,951482,2020-05-05 08:20:53.905
2020-05-05 08:20:54,951488,951482,2020-05-05 08:20:54.210
2020-05-05 08:20:54,951488,951482,2020-05-05 08:20:54.525
2020-05-05 08:20:54,951488,951482,2020-05-05 08:20:54.801
2020-05-05 08:20:55,951488,951482,2020-05-05 08:20:55.100
2020-05-05 08:20:55,951488,951482,2020-05-05 08:20:55.393
2020-05-05 08:20:55,951488,951482,2020-05-05 08:20:55.828
2020-05-05 08:20:56,951488,951482,2020-05-05 08:20:56.083
2020-05-05 08:20:56,951488,951482,2020-05-05 08:20:56.368
2020-05-05 08:20:56,951430,951426,2020-05-05 08:20:56.695
2020-05-05 08:20:56,951430,951426,2020-05-05 08:20:56.987
2020-05-05 08:20:57,951349,951529,2020-05-05 08:20:57.255
2020-05-05 08:20:57,951349,951529,2020-05-05 08:20:57.508
2020-05-05 08:20:57,951357,951529,2020-05-05 08:20:57.791
2020-05-05 08:20:58,951357,951529,2020-05-05 08:20:58.068
2020-05-05 08:20:58,951357,951529,2020-05-05 08:20:58.334
2020-05-05 08:20:58,951364,951529,2020-05-05 08:20:58.600
2020-05-05 08:20:58,951364,951529,2020-05-05 08:20:58.911
2020-05-05 08:20:59,951364,951529,2020-05-05 08:20:59.207
2020-05-05 08:20:59,951364,951529,2020-05-05 08:20:59.469
2020-05-05 08:20:59,951364,951529,2020-05-05 08:20:59.735
2020-05-05 08:21:00,951364,951529,2020-05-05 08:21:00.052
2020-05-05 08:21:00,951364,951529,2020-05-05 08:21:00.374
2020-05-05 08:21:00,951364,951529,2020-05-05 08:21:00.641
2020-05-05 08:21:01,951364,951529,2020-05-05 08:21:01.068
2020-05-05 08:21:01,951364,951529,2020-05-05 08:21:01.381
2020-05-05 08:21:01,951364,951529,2020-05-05 08:21:01.643
2020-05-05 08:21:01,951445,951529,2020-05-05 08:21:01.933
2020-05-05 08:21:02,951445,951529,2020-05-05 08:21:02.253
2020-05-05 08:21:02,951445,951529,2020-05-05 08:21:02.560
2020-05-05 08:21:02,951445,951529,2020-05-05 08:21:02.876
2020-05-05 08:21:03,951445,951529,2020-05-05 08:21:03.165
2020-05-05 08:21:03,951445,951529,2020-05-05 08:21:03.456
2020-05-05 08:21:03,951445,951529,2020-05-05 08:21:03.718
2020-05-05 08:21:04,951445,951529,2020-05-05 08:21:04.023
2020-05-05 08:21:04,951445,951529,2020-05-05 08:21:04.470
2020-05-05 08:21:04,951445,951529,2020-05-05 08:21:04.745
2020-05-05 08:21:05,951445,951529,2020-05-05 08:21:05.011
2020-05-05 08:21:05,951445,951529,2020-05-05 08:21:05.283
2020-05-05 08:21:05,951445,951529,2020-05-05 08:21:05.571
2020-05-05 08:21:05,951445,951529,2020-05-05 08:21:05.866
2020-05-05 08:21:06,951445,951529,2020-05-05 08:21:06.135
2020-05-05 08:21:06,951445,951529,2020-05-05 08:21:06.398
2020-05-05 08:21:06,951445,951529,2020-05-05 08:21:06.680
2020-05-05 08:21:07,951445,951529,2020-05-05 08:21:07.021
2020-05-05 08:21:07,951445,951529,2020-05-05 08:21:07.296
2020-05-05 08:21:07,951445,951529,2020-05-05 08:21:07.564
2020-05-05 08:21:07,951445,951654,2020-05-05 08:21:07.833
2020-05-05 08:21:08,951445,951654,2020-05-05 08:21:08.122
2020-05-05 08:21:08,951532,951654,2020-05-05 08:21:08.398
2020-05-05 08:21:08,951532,951654,2020-05-05 08:21:08.660
2020-05-05 08:21:09,951532,951654,2020-05-05 08:21:09.005
2020-05-05 08:21:09,951445,951654,2020-05-05 08:21:09.295
2020-05-05 08:21:09,951349,951532,2020-05-05 08:21:09.656
2020-05-05 08:21:09,951410,951532,2020-05-05 08:21:09.993
2020-05-05 08:21:10,951410,951532,2020-05-05 08:21:10.275
2020-05-05 08:21:10,951410,951532,2020-05-05 08:21:10.601
2020-05-05 08:21:10,951410,951532,2020-05-05 08:21:10.904
2020-05-05 08:21:11,951410,951532,2020-05-05 08:21:11.184
2020-05-05 08:21:11,951410,951532,2020-05-05 08:21:11.480
2020-05-05 08:21:12,951410,951532,2020-05-05 08:21:11.983
2020-05-05 08:21:12,951410,951532,2020-05-05 08:21:12.270
2020-05-05 08:21:12,951410,951532,2020-05-05 08:21:12.646
2020-05-05 08:21:12,951410,951532,2020-05-05 08:21:12.924
2020-05-05 08:21:13,951410,951532,2020-05-05 08:21:13.269
2020-05-05 08:21:13,951410,951532,2020-05-05 08:21:13.601
2020-05-05 08:21:14,951410,951532,2020-05-05 08:21:14.061
2020-05-05 08:21:14,951418,951532,2020-05-05 08:21:14.349
2020-05-05 08:21:15,951418,951532,2020-05-05 08:21:15.161
2020-05-05 08:21:15,951418,951532,2020-05-05 08:21:15.421
2020-05-05 08:21:15,951494,951532,2020-05-05 08:21:15.715
2020-05-05 08:21:15,951494,951532,2020-05-05 08:21:15.997
2020-05-05 08:21:16,951494,951532,2020-05-05 08:21:16.297
2020-05-05 08:21:16,951494,951532,2020-05-05 08:21:16.559
2020-05-05 08:21:16,951494,951685,2020-05-05 08:21:16.824
2020-05-05 08:21:17,951494,951663,2020-05-05 08:21:17.112
2020-05-05 08:21:17,951494,951663,2020-05-05 08:21:17.548
2020-05-05 08:21:17,951494,951612,2020-05-05 08:21:17.834
2020-05-05 08:21:18,951494,951612,2020-05-05 08:21:18.114
2020-05-05 08:21:18,951494,951601,2020-05-05 08:21:18.393
2020-05-05 08:21:18,951494,951601,2020-05-05 08:21:18.703
2020-05-05 08:21:19,951494,951579,2020-05-05 08:21:18.998
2020-05-05 08:21:19,951494,951579,2020-05-05 08:21:19.328
2020-05-05 08:21:19,951494,951579,2020-05-05 08:21:19.604
2020-05-05 08:21:20,951494,951579,2020-05-05 08:21:20.027
2020-05-05 08:21:20,951494,951579,2020-05-05 08:21:20.292
2020-05-05 08:21:20,951494,951579,2020-05-05 08:21:20.562
2020-05-05 08:21:20,951494,951560,2020-05-05 08:21:20.858
2020-05-05 08:21:21,951494,951560,2020-05-05 08:21:21.234
2020-05-05 08:21:21,951410,951560,2020-05-05 08:21:21.557
2020-05-05 08:21:21,951418,951560,2020-05-05 08:21:21.875
2020-05-05 08:21:22,951418,951560,2020-05-05 08:21:22.147
2020-05-05 08:21:22,951418,951544,2020-05-05 08:21:22.425
2020-05-05 08:21:22,951418,951544,2020-05-05 08:21:22.695
2020-05-05 08:21:22,951418,951544,2020-05-05 08:21:22.995
2020-05-05 08:21:23,951418,951544,2020-05-05 08:21:23.282
2020-05-05 08:21:23,951418,951544,2020-05-05 08:21:23.541
2020-05-05 08:21:23,951418,951544,2020-05-05 08:21:23.809
2020-05-05 08:21:24,951418,951544,2020-05-05 08:21:24.103
2020-05-05 08:21:24,951418,951544,2020-05-05 08:21:24.504
2020-05-05 08:21:25,951418,951544,2020-05-05 08:21:25.150
2020-05-05 08:21:25,951418,951544,2020-05-05 08:21:25.562
2020-05-05 08:21:25,951418,951544,2020-05-05 08:21:25.868
2020-05-05 08:21:26,951418,951495,2020-05-05 08:21:26.152
2020-05-05 08:21:26,951418,951495,2020-05-05 08:21:26.435
2020-05-05 08:21:26,951418,951495,2020-05-05 08:21:26.692
2020-05-05 08:21:27,951418,951495,2020-05-05 08:21:27.048
2020-05-05 08:21:27,951418,951495,2020-05-05 08:21:27.334
2020-05-05 08:21:27,951418,951495,2020-05-05 08:21:27.602
2020-05-05 08:21:27,951418,951495,2020-05-05 08:21:27.913
2020-05-05 08:21:28,951418,951495,2020-05-05 08:21:28.200
2020-05-05 08:21:28,951418,951495,2020-05-05 08:21:28.503
2020-05-05 08:21:28,951418,951495,2020-05-05 08:21:28.919
2020-05-05 08:21:29,951357,951405,2020-05-05 08:21:29.208
2020-05-05 08:21:29,951357,951405,2020-05-05 08:21:29.523
2020-05-05 08:21:29,951357,951405,2020-05-05 08:21:29.956
2020-05-05 08:21:30,951357,951405,2020-05-05 08:21:30.255
2020-05-05 08:21:30,951357,951405,2020-05-05 08:21:30.557
2020-05-05 08:21:30,951357,951405,2020-05-05 08:21:30.833
2020-05-05 08:21:31,951357,951405,2020-05-05 08:21:31.129
2020-05-05 08:21:31,951357,951405,2020-05-05 08:21:31.410
2020-05-05 08:21:31,951357,951405,2020-05-05 08:21:31.709
2020-05-05 08:21:31,951357,951405,2020-05-05 08:21:31.981
2020-05-05 08:21:32,951357,951405,2020-05-05 08:21:32.246
2020-05-05 08:21:32,951357,951405,2020-05-05 08:21:32.528
2020-05-05 08:21:32,951357,951405,2020-05-05 08:21:32.848
2020-05-05 08:21:33,951357,951405,2020-05-05 08:21:33.235
2020-05-05 08:21:33,951357,951405,2020-05-05 08:21:33.510
2020-05-05 08:21:33,951357,951405,2020-05-05 08:21:33.793
2020-05-05 08:21:34,951357,951405,2020-05-05 08:21:34.232
2020-05-05 08:21:34,951357,951405,2020-05-05 08:21:34.518
2020-05-05 08:21:35,951357,951405,2020-05-05 08:21:35.205
2020-05-05 08:21:35,951357,951405,2020-05-05 08:21:35.500
2020-05-05 08:21:35,951357,951405,2020-05-05 08:21:35.760
2020-05-05 08:21:36,951357,951405,2020-05-05 08:21:36.284
2020-05-05 08:21:36,951357,951405,2020-05-05 08:21:36.567
2020-05-05 08:21:37,951357,951405,2020-05-05 08:21:37.037
2020-05-05 08:21:37,951357,951405,2020-05-05 08:21:37.318
2020-05-05 08:21:37,951357,951405,2020-05-05 08:21:37.584
2020-05-05 08:21:37,951357,951405,2020-05-05 08:21:37.854
2020-05-05 08:21:38,951357,951405,2020-05-05 08:21:38.118
2020-05-05 08:21:38,951357,951405,2020-05-05 08:21:38.422
2020-05-05 08:21:38,951357,951405,2020-05-05 08:21:38.710
2020-05-05 08:21:39,951357,951405,2020-05-05 08:21:39.019
2020-05-05 08:21:39,951357,951405,2020-05-05 08:21:39.472
2020-05-05 08:21:39,951357,951405,2020-05-05 08:21:39.786
2020-05-05 08:21:40,951357,951405,2020-05-05 08:21:40.072
2020-05-05 08:21:40,951357,951405,2020-05-05 08:21:40.370
2020-05-05 08:21:40,951357,951405,2020-05-05 08:21:40.644
2020-05-05 08:21:40,951357,951405,2020-05-05 08:21:40.922
2020-05-05 08:21:41,951357,951405,2020-05-05 08:21:41.282
2020-05-05 08:21:41,951357,951405,2020-05-05 08:21:41.614
2020-05-05 08:21:42,951357,951405,2020-05-05 08:21:41.902
2020-05-05 08:21:42,951357,951405,2020-05-05 08:21:42.341
2020-05-05 08:21:42,951357,951405,2020-05-05 08:21:42.617
2020-05-05 08:21:42,951357,951405,2020-05-05 08:21:42.914
2020-05-05 08:21:43,951357,951405,2020-05-05 08:21:43.272
2020-05-05 08:21:43,951357,951405,2020-05-05 08:21:43.691
2020-05-05 08:21:43,951357,951405,2020-05-05 08:21:43.964
2020-05-05 08:21:44,951357,951405,2020-05-05 08:21:44.218
2020-05-05 08:21:44,951357,951405,2020-05-05 08:21:44.532
2020-05-05 08:21:44,951357,951405,2020-05-05 08:21:44.799
2020-05-05 08:21:45,951357,951405,2020-05-05 08:21:45.101
2020-05-05 08:21:45,951357,951405,2020-05-05 08:21:45.429
2020-05-05 08:21:45,951357,951405,2020-05-05 08:21:45.715
2020-05-05 08:21:46,951357,951405,2020-05-05 08:21:45.996
2020-05-05 08:21:46,951357,951405,2020-05-05 08:21:46.331
2020-05-05 08:21:46,951357,951405,2020-05-05 08:21:46.598
2020-05-05 08:21:46,951357,951405,2020-05-05 08:21:46.929
2020-05-05 08:21:47,951357,951405,2020-05-05 08:21:47.211
2020-05-05 08:21:47,951357,951405,2020-05-05 08:21:47.470
2020-05-05 08:21:47,951357,951405,2020-05-05 08:21:47.759
2020-05-05 08:21:48,951294,951405,2020-05-05 08:21:48.010
2020-05-05 08:21:48,951294,951289,2020-05-05 08:21:48.328
2020-05-05 08:21:48,951280,951280,2020-05-05 08:21:48.601
2020-05-05 08:21:48,951280,951275,2020-05-05 08:21:48.869
2020-05-05 08:21:49,951280,951284,2020-05-05 08:21:49.269
2020-05-05 08:21:49,951280,951284,2020-05-05 08:21:49.537
2020-05-05 08:21:49,951280,951284,2020-05-05 08:21:49.819
2020-05-05 08:21:50,951280,951284,2020-05-05 08:21:50.117
2020-05-05 08:21:50,951280,951284,2020-05-05 08:21:50.386
2020-05-05 08:21:50,951280,951284,2020-05-05 08:21:50.764
2020-05-05 08:21:51,951280,951284,2020-05-05 08:21:51.052
2020-05-05 08:21:51,951139,951135,2020-05-05 08:21:51.390
2020-05-05 08:21:51,951141,951135,2020-05-05 08:21:51.668
2020-05-05 08:21:51,951141,951135,2020-05-05 08:21:51.945
2020-05-05 08:21:52,951139,951135,2020-05-05 08:21:52.218
2020-05-05 08:21:52,951139,951135,2020-05-05 08:21:52.531
2020-05-05 08:21:52,951139,951284,2020-05-05 08:21:52.821
2020-05-05 08:21:53,951139,951284,2020-05-05 08:21:53.096
2020-05-05 08:21:53,951139,951284,2020-05-05 08:21:53.363
2020-05-05 08:21:53,951139,951284,2020-05-05 08:21:53.655
2020-05-05 08:21:53,951139,951284,2020-05-05 08:21:53.973
2020-05-05 08:21:54,951111,951110,2020-05-05 08:21:54.291
2020-05-05 08:21:54,951111,951110,2020-05-05 08:21:54.582
2020-05-05 08:21:54,951111,951110,2020-05-05 08:21:54.860
2020-05-05 08:21:55,951111,951110,2020-05-05 08:21:55.225
2020-05-05 08:21:55,951111,951110,2020-05-05 08:21:55.626
2020-05-05 08:21:55,951111,951110,2020-05-05 08:21:55.916
2020-05-05 08:21:56,951111,951110,2020-05-05 08:21:56.213
2020-05-05 08:21:56,951111,951110,2020-05-05 08:21:56.693
2020-05-05 08:21:57,951089,951266,2020-05-05 08:21:57.046
2020-05-05 08:21:57,951089,951266,2020-05-05 08:21:57.323
2020-05-05 08:21:57,951089,951266,2020-05-05 08:21:57.583
2020-05-05 08:21:57,951089,951266,2020-05-05 08:21:57.850
2020-05-05 08:21:58,951089,951266,2020-05-05 08:21:58.128
2020-05-05 08:21:58,951089,951266,2020-05-05 08:21:58.405
2020-05-05 08:21:58,951089,951266,2020-05-05 08:21:58.845
2020-05-05 08:21:59,951075,951266,2020-05-05 08:21:59.123
2020-05-05 08:21:59,951075,951266,2020-05-05 08:21:59.392
2020-05-05 08:21:59,951075,951266,2020-05-05 08:21:59.671
2020-05-05 08:21:59,951075,951266,2020-05-05 08:21:59.932
2020-05-05 08:22:00,951075,951266,2020-05-05 08:22:00.190
2020-05-05 08:22:00,951075,951266,2020-05-05 08:22:00.510
2020-05-05 08:22:00,951075,951266,2020-05-05 08:22:00.774
2020-05-05 08:22:01,951075,951266,2020-05-05 08:22:01.060
2020-05-05 08:22:01,951075,951266,2020-05-05 08:22:01.433
2020-05-05 08:22:01,951075,951362,2020-05-05 08:22:01.712
2020-05-05 08:22:02,951115,951315,2020-05-05 08:22:02.007
2020-05-05 08:22:02,951115,951235,2020-05-05 08:22:02.287
2020-05-05 08:22:02,951115,951235,2020-05-05 08:22:02.565
2020-05-05 08:22:02,951115,951315,2020-05-05 08:22:02.828
2020-05-05 08:22:03,951115,951315,2020-05-05 08:22:03.113
2020-05-05 08:22:03,951115,951315,2020-05-05 08:22:03.474
2020-05-05 08:22:03,951115,951315,2020-05-05 08:22:03.770
2020-05-05 08:22:04,951115,951315,2020-05-05 08:22:04.050
2020-05-05 08:22:04,951115,951315,2020-05-05 08:22:04.338
2020-05-05 08:22:04,951105,951315,2020-05-05 08:22:04.640
2020-05-05 08:22:04,951105,951315,2020-05-05 08:22:04.948
2020-05-05 08:22:05,951105,951315,2020-05-05 08:22:05.270
2020-05-05 08:22:05,951105,951315,2020-05-05 08:22:05.568
2020-05-05 08:22:05,951105,951308,2020-05-05 08:22:05.838
2020-05-05 08:22:06,951105,951308,2020-05-05 08:22:06.146
2020-05-05 08:22:06,951105,951308,2020-05-05 08:22:06.491
2020-05-05 08:22:06,951105,951308,2020-05-05 08:22:06.785
2020-05-05 08:22:07,951105,951308,2020-05-05 08:22:07.104
2020-05-05 08:22:07,951105,951308,2020-05-05 08:22:07.378
2020-05-05 08:22:07,951105,951308,2020-05-05 08:22:07.638
2020-05-05 08:22:07,951105,951308,2020-05-05 08:22:07.917
2020-05-05 08:22:08,951105,951281,2020-05-05 08:22:08.225
2020-05-05 08:22:08,951105,951281,2020-05-05 08:22:08.544
2020-05-05 08:22:08,951105,951281,2020-05-05 08:22:08.826
2020-05-05 08:22:09,951105,951281,2020-05-05 08:22:09.092
2020-05-05 08:22:09,951105,951281,2020-05-05 08:22:09.377
2020-05-05 08:22:09,951105,951281,2020-05-05 08:22:09.694
2020-05-05 08:22:09,951105,951281,2020-05-05 08:22:09.961
2020-05-05 08:22:10,951052,951052,2020-05-05 08:22:10.237
2020-05-05 08:22:10,951043,951037,2020-05-05 08:22:10.533
2020-05-05 08:22:10,950853,951037,2020-05-05 08:22:10.789
2020-05-05 08:22:11,950812,951037,2020-05-05 08:22:11.050
2020-05-05 08:22:11,950813,951037,2020-05-05 08:22:11.351
2020-05-05 08:22:11,950813,950795,2020-05-05 08:22:11.814
2020-05-05 08:22:12,950776,950792,2020-05-05 08:22:12.133
2020-05-05 08:22:12,950776,950792,2020-05-05 08:22:12.607
2020-05-05 08:22:12,950776,950792,2020-05-05 08:22:12.867
2020-05-05 08:22:13,950776,950792,2020-05-05 08:22:13.143
2020-05-05 08:22:13,950776,950792,2020-05-05 08:22:13.466
2020-05-05 08:22:13,950776,950792,2020-05-05 08:22:13.738
2020-05-05 08:22:14,950776,950792,2020-05-05 08:22:14.004
2020-05-05 08:22:14,950776,950792,2020-05-05 08:22:14.324
2020-05-05 08:22:14,950665,950748,2020-05-05 08:22:14.596
2020-05-05 08:22:14,950632,950748,2020-05-05 08:22:14.873
2020-05-05 08:22:15,950632,950647,2020-05-05 08:22:15.139
2020-05-05 08:22:15,950632,950647,2020-05-05 08:22:15.431
2020-05-05 08:22:15,950621,950647,2020-05-05 08:22:15.688
2020-05-05 08:22:15,950621,950647,2020-05-05 08:22:15.946
2020-05-05 08:22:16,950621,950620,2020-05-05 08:22:16.239
2020-05-05 08:22:16,950499,950620,2020-05-05 08:22:16.684
2020-05-05 08:22:16,950472,950620,2020-05-05 08:22:16.936
2020-05-05 08:22:17,950465,950620,2020-05-05 08:22:17.318
2020-05-05 08:22:17,950407,950620,2020-05-05 08:22:17.593
2020-05-05 08:22:17,950303,950620,2020-05-05 08:22:17.874
2020-05-05 08:22:18,950303,950407,2020-05-05 08:22:18.184
2020-05-05 08:22:18,950303,950294,2020-05-05 08:22:18.537
2020-05-05 08:22:18,950292,950293,2020-05-05 08:22:18.814
2020-05-05 08:22:19,950292,950293,2020-05-05 08:22:19.115
2020-05-05 08:22:19,950083,950293,2020-05-05 08:22:19.556
2020-05-05 08:22:19,950009,950293,2020-05-05 08:22:19.845
2020-05-05 08:22:20,949888,950195,2020-05-05 08:22:20.125
2020-05-05 08:22:20,949917,950195,2020-05-05 08:22:20.405
2020-05-05 08:22:20,949917,950195,2020-05-05 08:22:20.712
2020-05-05 08:22:21,949888,950195,2020-05-05 08:22:21.001
2020-05-05 08:22:21,949880,949960,2020-05-05 08:22:21.273
2020-05-05 08:22:21,949880,949960,2020-05-05 08:22:21.551
2020-05-05 08:22:21,949880,949951,2020-05-05 08:22:21.811
2020-05-05 08:22:22,949880,949951,2020-05-05 08:22:22.080
2020-05-05 08:22:22,949880,949951,2020-05-05 08:22:22.353
2020-05-05 08:22:22,949880,949951,2020-05-05 08:22:22.701
2020-05-05 08:22:23,949990,950195,2020-05-05 08:22:23.006
2020-05-05 08:22:23,949990,950059,2020-05-05 08:22:23.319
2020-05-05 08:22:23,949880,950059,2020-05-05 08:22:23.614
2020-05-05 08:22:23,949880,950059,2020-05-05 08:22:23.938
2020-05-05 08:22:24,949880,950158,2020-05-05 08:22:24.196
2020-05-05 08:22:24,949880,950090,2020-05-05 08:22:24.498
2020-05-05 08:22:24,949880,950195,2020-05-05 08:22:24.836
2020-05-05 08:22:25,950185,950281,2020-05-05 08:22:25.170
2020-05-05 08:22:25,950185,950280,2020-05-05 08:22:25.461
2020-05-05 08:22:25,950190,950280,2020-05-05 08:22:25.749
2020-05-05 08:22:26,950190,950280,2020-05-05 08:22:26.010
2020-05-05 08:22:26,950209,950280,2020-05-05 08:22:26.285
2020-05-05 08:22:26,950209,950280,2020-05-05 08:22:26.551
2020-05-05 08:22:26,950209,950284,2020-05-05 08:22:26.834
2020-05-05 08:22:27,950209,950284,2020-05-05 08:22:27.120
2020-05-05 08:22:27,950209,950284,2020-05-05 08:22:27.431
2020-05-05 08:22:27,950209,950284,2020-05-05 08:22:27.714
2020-05-05 08:22:28,950209,950284,2020-05-05 08:22:28.011
2020-05-05 08:22:28,950185,950176,2020-05-05 08:22:28.295
2020-05-05 08:22:28,950185,950176,2020-05-05 08:22:28.576
2020-05-05 08:22:28,950185,950176,2020-05-05 08:22:28.856
2020-05-05 08:22:29,950218,950284,2020-05-05 08:22:29.191
2020-05-05 08:22:29,950218,950218,2020-05-05 08:22:29.478
2020-05-05 08:22:29,950218,950218,2020-05-05 08:22:29.809
2020-05-05 08:22:30,950218,950218,2020-05-05 08:22:30.083
2020-05-05 08:22:30,950218,950218,2020-05-05 08:22:30.369
2020-05-05 08:22:30,950218,950214,2020-05-05 08:22:30.665
2020-05-05 08:22:30,950218,950214,2020-05-05 08:22:30.941
2020-05-05 08:22:31,950218,950214,2020-05-05 08:22:31.319
2020-05-05 08:22:31,950218,950214,2020-05-05 08:22:31.607
2020-05-05 08:22:31,950218,950214,2020-05-05 08:22:31.904
2020-05-05 08:22:32,950218,950214,2020-05-05 08:22:32.191
2020-05-05 08:22:32,950218,950214,2020-05-05 08:22:32.469
2020-05-05 08:22:32,949977,950214,2020-05-05 08:22:32.737
2020-05-05 08:22:33,949977,950214,2020-05-05 08:22:33.135
2020-05-05 08:22:33,949977,950214,2020-05-05 08:22:33.404
2020-05-05 08:22:33,949977,950214,2020-05-05 08:22:33.812
2020-05-05 08:22:34,949977,950214,2020-05-05 08:22:34.237
2020-05-05 08:22:34,949977,950214,2020-05-05 08:22:34.503
2020-05-05 08:22:34,949995,950240,2020-05-05 08:22:34.774
2020-05-05 08:22:35,949996,950240,2020-05-05 08:22:35.049
2020-05-05 08:22:35,949996,950240,2020-05-05 08:22:35.317
2020-05-05 08:22:35,949996,950240,2020-05-05 08:22:35.615
2020-05-05 08:22:35,950089,950240,2020-05-05 08:22:35.937
2020-05-05 08:22:36,950089,950240,2020-05-05 08:22:36.209
2020-05-05 08:22:36,950089,950240,2020-05-05 08:22:36.485
2020-05-05 08:22:36,950089,950240,2020-05-05 08:22:36.778
2020-05-05 08:22:37,950089,950240,2020-05-05 08:22:37.085
2020-05-05 08:22:37,950089,950383,2020-05-05 08:22:37.366
2020-05-05 08:22:37,950089,950383,2020-05-05 08:22:37.642
2020-05-05 08:22:37,950089,950382,2020-05-05 08:22:37.902
2020-05-05 08:22:38,950089,950382,2020-05-05 08:22:38.174
2020-05-05 08:22:38,950089,950382,2020-05-05 08:22:38.470
