timestamp,bid,ask,tick_timestamp
2021-04-22 06:50:58,5939551.0,5938135.0,2021-04-22 06:50:58.408
2021-04-22 06:50:59,5939551.0,5938135.0,2021-04-22 06:50:59.421
2021-04-22 06:51:00,5939551.0,5938135.0,2021-04-22 06:51:00.446
2021-04-22 06:51:01,5939551.0,5938135.0,2021-04-22 06:51:01.511
2021-04-22 06:51:02,5939990.0,5938135.0,2021-04-22 06:51:02.532
2021-04-22 06:51:03,5939990.0,5938135.0,2021-04-22 06:51:03.566
2021-04-22 06:51:04,5939990.0,5938135.0,2021-04-22 06:51:04.618
2021-04-22 06:51:05,5939990.0,5938135.0,2021-04-22 06:51:05.694
2021-04-22 06:51:06,5939990.0,5938135.0,2021-04-22 06:51:06.786
2021-04-22 06:51:07,5939990.0,5938135.0,2021-04-22 06:51:07.844
2021-04-22 06:51:08,5939990.0,5938135.0,2021-04-22 06:51:08.852
2021-04-22 06:51:09,5939990.0,5938135.0,2021-04-22 06:51:09.879
2021-04-22 06:51:10,5939990.0,5938135.0,2021-04-22 06:51:10.949
2021-04-22 06:51:11,5939990.0,5938135.0,2021-04-22 06:51:11.968
2021-04-22 06:51:13,5939990.0,5938135.0,2021-04-22 06:51:13.005
2021-04-22 06:51:14,5939990.0,5939991.0,2021-04-22 06:51:14.024
2021-04-22 06:51:15,5939990.0,5939991.0,2021-04-22 06:51:15.048
2021-04-22 06:51:16,5939990.0,5939991.0,2021-04-22 06:51:16.104
2021-04-22 06:51:17,5939990.0,5939991.0,2021-04-22 06:51:17.139
2021-04-22 06:51:18,5939990.0,5939991.0,2021-04-22 06:51:18.158
2021-04-22 06:51:19,5939990.0,5939991.0,2021-04-22 06:51:19.171
2021-04-22 06:51:20,5939990.0,5939991.0,2021-04-22 06:51:20.189
2021-04-22 06:51:21,5939990.0,5939991.0,2021-04-22 06:51:21.212
2021-04-22 06:51:22,5939990.0,5939991.0,2021-04-22 06:51:22.227
2021-04-22 06:51:23,5939990.0,5939991.0,2021-04-22 06:51:23.259
2021-04-22 06:51:24,5939990.0,5939991.0,2021-04-22 06:51:24.266
2021-04-22 06:51:25,5939990.0,5939991.0,2021-04-22 06:51:25.282
2021-04-22 06:51:26,5939990.0,5939991.0,2021-04-22 06:51:26.286
2021-04-22 06:51:27,5939990.0,5939991.0,2021-04-22 06:51:27.293
2021-04-22 06:51:28,5939990.0,5939991.0,2021-04-22 06:51:28.305
2021-04-22 06:51:29,5939990.0,5939991.0,2021-04-22 06:51:29.312
2021-04-22 06:51:30,5939990.0,5939991.0,2021-04-22 06:51:30.322
2021-04-22 06:51:31,5939990.0,5939991.0,2021-04-22 06:51:31.328
2021-04-22 06:51:32,5939990.0,5939991.0,2021-04-22 06:51:32.358
2021-04-22 06:51:33,5939990.0,5939991.0,2021-04-22 06:51:33.381
2021-04-22 06:51:34,5939990.0,5939991.0,2021-04-22 06:51:34.394
2021-04-22 06:51:35,5939990.0,5939991.0,2021-04-22 06:51:35.435
2021-04-22 06:51:36,5939990.0,5939991.0,2021-04-22 06:51:36.442
2021-04-22 06:51:37,5939990.0,5939991.0,2021-04-22 06:51:37.451
2021-04-22 06:51:38,5939990.0,5939991.0,2021-04-22 06:51:38.473
2021-04-22 06:51:39,5939990.0,5939991.0,2021-04-22 06:51:39.489
2021-04-22 06:51:40,5939990.0,5939991.0,2021-04-22 06:51:40.498
2021-04-22 06:51:41,5939990.0,5939991.0,2021-04-22 06:51:41.521
2021-04-22 06:51:42,5939990.0,5939991.0,2021-04-22 06:51:42.531
2021-04-22 06:51:43,5939990.0,5939991.0,2021-04-22 06:51:43.550
2021-04-22 06:51:44,5939990.0,5939991.0,2021-04-22 06:51:44.608
2021-04-22 06:51:45,5939990.0,5939991.0,2021-04-22 06:51:45.628
2021-04-22 06:51:46,5939990.0,5939991.0,2021-04-22 06:51:46.645
2021-04-22 06:51:47,5939990.0,5939991.0,2021-04-22 06:51:47.672
2021-04-22 06:51:48,5939990.0,5939991.0,2021-04-22 06:51:48.703
2021-04-22 06:51:49,5939990.0,5939991.0,2021-04-22 06:51:49.801
2021-04-22 06:51:50,5939990.0,5939991.0,2021-04-22 06:51:50.812
2021-04-22 06:51:51,5939990.0,5939991.0,2021-04-22 06:51:51.936
2021-04-22 06:51:52,5939990.0,5939991.0,2021-04-22 06:51:52.944
2021-04-22 06:51:53,5939990.0,5939991.0,2021-04-22 06:51:53.957
2021-04-22 06:51:54,5939990.0,5939991.0,2021-04-22 06:51:54.962
2021-04-22 06:51:56,5939990.0,5939991.0,2021-04-22 06:51:56.058
2021-04-22 06:51:57,5939990.0,5939991.0,2021-04-22 06:51:57.081
2021-04-22 06:51:58,5939990.0,5939991.0,2021-04-22 06:51:58.138
2021-04-22 06:51:59,5939990.0,5939991.0,2021-04-22 06:51:59.237
2021-04-22 06:52:00,5939990.0,5939991.0,2021-04-22 06:52:00.293
2021-04-22 06:52:01,5939990.0,5939991.0,2021-04-22 06:52:01.296
2021-04-22 06:52:02,5939990.0,5939991.0,2021-04-22 06:52:02.314
2021-04-22 06:52:03,5939990.0,5939991.0,2021-04-22 06:52:03.327
2021-04-22 06:52:04,5939990.0,5939991.0,2021-04-22 06:52:04.362
2021-04-22 06:52:05,5939990.0,5939991.0,2021-04-22 06:52:05.378
2021-04-22 06:52:06,5939990.0,5939991.0,2021-04-22 06:52:06.406
2021-04-22 06:52:07,5939990.0,5939991.0,2021-04-22 06:52:07.415
2021-04-22 06:52:08,5939990.0,5939991.0,2021-04-22 06:52:08.455
2021-04-22 06:52:09,5939990.0,5939991.0,2021-04-22 06:52:09.464
2021-04-22 06:52:10,5939990.0,5939991.0,2021-04-22 06:52:10.488
2021-04-22 06:52:11,5939990.0,5939991.0,2021-04-22 06:52:11.500
2021-04-22 06:52:12,5939990.0,5939991.0,2021-04-22 06:52:12.511
2021-04-22 06:52:13,5939990.0,5939991.0,2021-04-22 06:52:13.540
2021-04-22 06:52:14,5939990.0,5939991.0,2021-04-22 06:52:14.550
2021-04-22 06:52:15,5939990.0,5939991.0,2021-04-22 06:52:15.580
2021-04-22 06:52:16,5939990.0,5939991.0,2021-04-22 06:52:16.640
2021-04-22 06:52:17,5939990.0,5939991.0,2021-04-22 06:52:17.693
2021-04-22 06:52:18,5939990.0,5939991.0,2021-04-22 06:52:18.722
2021-04-22 06:52:19,5939990.0,5939991.0,2021-04-22 06:52:19.731
2021-04-22 06:52:20,5939990.0,5939991.0,2021-04-22 06:52:20.740
2021-04-22 06:52:21,5939990.0,5939991.0,2021-04-22 06:52:21.764
2021-04-22 06:52:22,5939990.0,5939991.0,2021-04-22 06:52:22.789
2021-04-22 06:52:23,5939990.0,5939991.0,2021-04-22 06:52:23.814
2021-04-22 06:52:24,5939990.0,5939991.0,2021-04-22 06:52:24.818
2021-04-22 06:52:25,5939990.0,5939991.0,2021-04-22 06:52:25.833
2021-04-22 06:52:26,5939990.0,5939991.0,2021-04-22 06:52:26.908
2021-04-22 06:52:27,5939990.0,5939991.0,2021-04-22 06:52:27.937
2021-04-22 06:52:29,5939990.0,5939991.0,2021-04-22 06:52:29.026
2021-04-22 06:52:30,5939990.0,5939991.0,2021-04-22 06:52:30.082
2021-04-22 06:52:31,5939990.0,5939991.0,2021-04-22 06:52:31.116
2021-04-22 06:52:32,5939990.0,5939991.0,2021-04-22 06:52:32.135
2021-04-22 06:52:33,5939990.0,5939991.0,2021-04-22 06:52:33.156
2021-04-22 06:52:34,5939990.0,5939991.0,2021-04-22 06:52:34.170
2021-04-22 06:52:35,5939990.0,5939991.0,2021-04-22 06:52:35.185
2021-04-22 06:52:36,5939990.0,5939991.0,2021-04-22 06:52:36.200
2021-04-22 06:52:37,5939990.0,5939991.0,2021-04-22 06:52:37.217
2021-04-22 06:52:38,5939990.0,5939991.0,2021-04-22 06:52:38.283
2021-04-22 06:52:39,5939990.0,5939991.0,2021-04-22 06:52:39.301
2021-04-22 06:52:40,5939990.0,5939991.0,2021-04-22 06:52:40.320
2021-04-22 06:52:41,5939990.0,5939991.0,2021-04-22 06:52:41.396
2021-04-22 06:52:42,5939990.0,5939991.0,2021-04-22 06:52:42.518
2021-04-22 06:52:43,5939990.0,5939991.0,2021-04-22 06:52:43.533
2021-04-22 06:52:44,5939990.0,5939991.0,2021-04-22 06:52:44.553
2021-04-22 06:52:45,5939990.0,5939991.0,2021-04-22 06:52:45.558
2021-04-22 06:52:46,5939990.0,5939991.0,2021-04-22 06:52:46.589
2021-04-22 06:52:47,5939990.0,5939991.0,2021-04-22 06:52:47.624
2021-04-22 06:52:48,5939990.0,5939991.0,2021-04-22 06:52:48.662
2021-04-22 06:52:49,5939990.0,5939991.0,2021-04-22 06:52:49.706
2021-04-22 06:52:50,5939990.0,5939991.0,2021-04-22 06:52:50.715
2021-04-22 06:52:51,5939990.0,5939991.0,2021-04-22 06:52:51.731
2021-04-22 06:52:52,5939990.0,5939991.0,2021-04-22 06:52:52.737
2021-04-22 06:52:53,5939990.0,5939991.0,2021-04-22 06:52:53.804
2021-04-22 06:52:54,5939990.0,5939991.0,2021-04-22 06:52:54.823
2021-04-22 06:52:55,5939990.0,5939991.0,2021-04-22 06:52:55.829
2021-04-22 06:52:56,5939990.0,5939991.0,2021-04-22 06:52:56.906
2021-04-22 06:52:57,5939990.0,5939991.0,2021-04-22 06:52:57.937
2021-04-22 06:52:58,5939990.0,5939991.0,2021-04-22 06:52:58.969
2021-04-22 06:53:00,5939990.0,5939991.0,2021-04-22 06:53:00.012
2021-04-22 06:53:01,5939990.0,5939991.0,2021-04-22 06:53:01.095
2021-04-22 06:53:02,5939990.0,5939991.0,2021-04-22 06:53:02.126
2021-04-22 06:53:03,5939990.0,5939991.0,2021-04-22 06:53:03.294
2021-04-22 06:53:04,5939990.0,5939991.0,2021-04-22 06:53:04.353
2021-04-22 06:53:05,5939990.0,5939991.0,2021-04-22 06:53:05.360
2021-04-22 06:53:06,5939990.0,5939991.0,2021-04-22 06:53:06.437
2021-04-22 06:53:07,5939990.0,5939991.0,2021-04-22 06:53:07.486
2021-04-22 06:53:08,5939990.0,5939991.0,2021-04-22 06:53:08.505
2021-04-22 06:53:09,5939990.0,5939991.0,2021-04-22 06:53:09.527
2021-04-22 06:53:10,5939990.0,5939991.0,2021-04-22 06:53:10.539
2021-04-22 06:53:11,5939990.0,5939991.0,2021-04-22 06:53:11.592
2021-04-22 06:53:12,5939990.0,5939991.0,2021-04-22 06:53:12.645
2021-04-22 06:53:13,5939990.0,5939991.0,2021-04-22 06:53:13.661
2021-04-22 06:53:14,5939990.0,5939991.0,2021-04-22 06:53:14.707
2021-04-22 06:53:15,5939990.0,5939991.0,2021-04-22 06:53:15.725
2021-04-22 06:53:16,5939990.0,5939991.0,2021-04-22 06:53:16.747
2021-04-22 06:53:17,5939990.0,5939991.0,2021-04-22 06:53:17.789
2021-04-22 06:53:18,5939990.0,5939991.0,2021-04-22 06:53:18.840
2021-04-22 06:53:19,5939990.0,5939991.0,2021-04-22 06:53:19.877
2021-04-22 06:53:20,5939990.0,5939991.0,2021-04-22 06:53:20.915
2021-04-22 06:53:21,5939990.0,5939991.0,2021-04-22 06:53:21.921
2021-04-22 06:53:22,5939990.0,5939991.0,2021-04-22 06:53:22.977
2021-04-22 06:53:24,5939990.0,5939991.0,2021-04-22 06:53:24.003
2021-04-22 06:53:25,5939990.0,5939991.0,2021-04-22 06:53:25.016
2021-04-22 06:53:26,5939990.0,5939991.0,2021-04-22 06:53:26.049
2021-04-22 06:53:27,5939990.0,5939991.0,2021-04-22 06:53:27.062
2021-04-22 06:53:28,5939990.0,5939991.0,2021-04-22 06:53:28.107
2021-04-22 06:53:29,5939990.0,5939991.0,2021-04-22 06:53:29.163
2021-04-22 06:53:30,5939990.0,5939991.0,2021-04-22 06:53:30.199
2021-04-22 06:53:31,5939990.0,5939991.0,2021-04-22 06:53:31.275
2021-04-22 06:53:32,5939551.0,5939991.0,2021-04-22 06:53:32.307
2021-04-22 06:53:33,5939551.0,5939991.0,2021-04-22 06:53:33.315
2021-04-22 06:53:34,5939551.0,5939991.0,2021-04-22 06:53:34.335
2021-04-22 06:53:35,5939551.0,5939991.0,2021-04-22 06:53:35.350
2021-04-22 06:53:36,5939551.0,5939991.0,2021-04-22 06:53:36.360
2021-04-22 06:53:37,5939551.0,5939991.0,2021-04-22 06:53:37.368
2021-04-22 06:53:38,5939551.0,5939991.0,2021-04-22 06:53:38.384
2021-04-22 06:53:39,5939551.0,5939991.0,2021-04-22 06:53:39.411
2021-04-22 06:53:40,5939551.0,5939991.0,2021-04-22 06:53:40.431
2021-04-22 06:53:41,5939551.0,5939991.0,2021-04-22 06:53:41.441
2021-04-22 06:53:42,5939551.0,5939991.0,2021-04-22 06:53:42.458
2021-04-22 06:53:43,5939551.0,5939991.0,2021-04-22 06:53:43.552
2021-04-22 06:53:44,5939551.0,5939991.0,2021-04-22 06:53:44.565
2021-04-22 06:53:45,5939551.0,5939991.0,2021-04-22 06:53:45.574
2021-04-22 06:53:46,5939551.0,5939991.0,2021-04-22 06:53:46.870
2021-04-22 06:53:47,5939990.0,5939991.0,2021-04-22 06:53:47.901
2021-04-22 06:53:48,5939990.0,5939991.0,2021-04-22 06:53:48.932
2021-04-22 06:53:50,5939990.0,5939991.0,2021-04-22 06:53:50.017
2021-04-22 06:53:51,5939990.0,5939991.0,2021-04-22 06:53:51.079
2021-04-22 06:53:52,5939990.0,5939991.0,2021-04-22 06:53:52.123
2021-04-22 06:53:53,5939990.0,5939991.0,2021-04-22 06:53:53.151
2021-04-22 06:53:54,5939990.0,5939991.0,2021-04-22 06:53:54.168
2021-04-22 06:53:55,5939990.0,5939991.0,2021-04-22 06:53:55.184
2021-04-22 06:53:56,5939990.0,5939991.0,2021-04-22 06:53:56.212
2021-04-22 06:53:57,5939990.0,5939991.0,2021-04-22 06:53:57.230
2021-04-22 06:53:58,5939990.0,5939991.0,2021-04-22 06:53:58.259
2021-04-22 06:53:59,5939990.0,5939991.0,2021-04-22 06:53:59.313
2021-04-22 06:54:00,5939990.0,5939991.0,2021-04-22 06:54:00.350
2021-04-22 06:54:01,5939990.0,5939991.0,2021-04-22 06:54:01.371
2021-04-22 06:54:02,5939990.0,5939991.0,2021-04-22 06:54:02.382
2021-04-22 06:54:03,5939990.0,5939991.0,2021-04-22 06:54:03.423
2021-04-22 06:54:04,5939990.0,5939991.0,2021-04-22 06:54:04.431
2021-04-22 06:54:05,5939990.0,5939993.0,2021-04-22 06:54:05.455
2021-04-22 06:54:06,5939990.0,5939993.0,2021-04-22 06:54:06.494
2021-04-22 06:54:07,5939990.0,5939993.0,2021-04-22 06:54:07.539
2021-04-22 06:54:08,5939990.0,5939993.0,2021-04-22 06:54:08.552
2021-04-22 06:54:09,5939990.0,5939993.0,2021-04-22 06:54:09.582
2021-04-22 06:54:10,5939990.0,5939993.0,2021-04-22 06:54:10.648
2021-04-22 06:54:11,5939990.0,5939993.0,2021-04-22 06:54:11.665
2021-04-22 06:54:12,5939990.0,5939993.0,2021-04-22 06:54:12.670
2021-04-22 06:54:13,5939990.0,5939993.0,2021-04-22 06:54:13.678
2021-04-22 06:54:14,5939990.0,5939993.0,2021-04-22 06:54:14.725
2021-04-22 06:54:15,5939990.0,5939993.0,2021-04-22 06:54:15.764
2021-04-22 06:54:16,5939990.0,5939993.0,2021-04-22 06:54:16.839
2021-04-22 06:54:17,5939999.0,5939993.0,2021-04-22 06:54:17.843
2021-04-22 06:54:18,5939999.0,5939993.0,2021-04-22 06:54:18.853
2021-04-22 06:54:19,5939999.0,5939993.0,2021-04-22 06:54:19.895
2021-04-22 06:54:20,5939999.0,5939993.0,2021-04-22 06:54:20.929
2021-04-22 06:54:21,5939999.0,5939993.0,2021-04-22 06:54:21.957
2021-04-22 06:54:23,5939999.0,5940000.0,2021-04-22 06:54:23.033
2021-04-22 06:54:24,5939999.0,5940000.0,2021-04-22 06:54:24.044
2021-04-22 06:54:25,5939999.0,5940000.0,2021-04-22 06:54:25.070
2021-04-22 06:54:26,5939999.0,5940000.0,2021-04-22 06:54:26.079
2021-04-22 06:54:27,5939999.0,5940000.0,2021-04-22 06:54:27.132
2021-04-22 06:54:28,5939999.0,5940000.0,2021-04-22 06:54:28.211
2021-04-22 06:54:29,5939999.0,5940000.0,2021-04-22 06:54:29.216
2021-04-22 06:54:30,5939999.0,5940000.0,2021-04-22 06:54:30.240
2021-04-22 06:54:31,5939999.0,5940000.0,2021-04-22 06:54:31.301
2021-04-22 06:54:32,5939999.0,5940000.0,2021-04-22 06:54:32.371
2021-04-22 06:54:33,5939999.0,5940000.0,2021-04-22 06:54:33.400
2021-04-22 06:54:34,5939999.0,5940000.0,2021-04-22 06:54:34.421
2021-04-22 06:54:35,5939999.0,5940000.0,2021-04-22 06:54:35.429
2021-04-22 06:54:36,5939999.0,5940000.0,2021-04-22 06:54:36.435
2021-04-22 06:54:37,5939999.0,5940000.0,2021-04-22 06:54:37.446
2021-04-22 06:54:38,5939999.0,5940000.0,2021-04-22 06:54:38.452
2021-04-22 06:54:39,5939999.0,5940000.0,2021-04-22 06:54:39.479
2021-04-22 06:54:40,5939999.0,5940000.0,2021-04-22 06:54:40.514
2021-04-22 06:54:41,5939999.0,5940000.0,2021-04-22 06:54:41.537
2021-04-22 06:54:42,5939999.0,5940000.0,2021-04-22 06:54:42.559
2021-04-22 06:54:43,5939999.0,5940000.0,2021-04-22 06:54:43.628
2021-04-22 06:54:44,5939999.0,5940000.0,2021-04-22 06:54:44.652
2021-04-22 06:54:45,5939999.0,5940000.0,2021-04-22 06:54:45.685
2021-04-22 06:54:46,5939999.0,5940000.0,2021-04-22 06:54:46.733
2021-04-22 06:54:47,5939999.0,5940000.0,2021-04-22 06:54:47.752
2021-04-22 06:54:48,5939999.0,5940000.0,2021-04-22 06:54:48.767
2021-04-22 06:54:49,5939999.0,5940000.0,2021-04-22 06:54:49.774
2021-04-22 06:54:50,5939999.0,5940000.0,2021-04-22 06:54:50.781
2021-04-22 06:54:51,5939999.0,5940000.0,2021-04-22 06:54:51.793
2021-04-22 06:54:52,5939999.0,5940000.0,2021-04-22 06:54:52.820
2021-04-22 06:54:53,5939999.0,5940000.0,2021-04-22 06:54:53.834
2021-04-22 06:54:54,5939999.0,5940000.0,2021-04-22 06:54:54.859
2021-04-22 06:54:55,5939999.0,5940000.0,2021-04-22 06:54:55.869
2021-04-22 06:54:56,5939999.0,5940000.0,2021-04-22 06:54:56.919
2021-04-22 06:54:58,5939999.0,5940000.0,2021-04-22 06:54:58.066
2021-04-22 06:54:59,5939999.0,5940000.0,2021-04-22 06:54:59.135
2021-04-22 07:05:00,5936499.0,5936500.0,2021-04-22 07:05:00.828
2021-04-22 07:05:03,5936499.0,5936500.0,2021-04-22 07:05:03.502
2021-04-22 07:05:04,5936499.0,5936500.0,2021-04-22 07:05:04.510
2021-04-22 07:05:05,5936499.0,5936500.0,2021-04-22 07:05:05.542
2021-04-22 07:05:06,5936499.0,5936500.0,2021-04-22 07:05:06.552
2021-04-22 07:05:07,5936499.0,5936500.0,2021-04-22 07:05:07.568
2021-04-22 07:05:08,5936499.0,5936500.0,2021-04-22 07:05:08.631
2021-04-22 07:05:09,5936499.0,5936500.0,2021-04-22 07:05:09.650
2021-04-22 07:05:10,5936499.0,5936500.0,2021-04-22 07:05:10.682
2021-04-22 07:05:11,5936499.0,5936500.0,2021-04-22 07:05:11.695
2021-04-22 07:05:12,5936499.0,5936500.0,2021-04-22 07:05:12.715
2021-04-22 07:05:13,5936499.0,5936500.0,2021-04-22 07:05:13.732
2021-04-22 07:05:14,5936499.0,5936500.0,2021-04-22 07:05:14.743
2021-04-22 07:05:15,5936499.0,5936500.0,2021-04-22 07:05:15.760
2021-04-22 07:05:16,5936499.0,5936500.0,2021-04-22 07:05:16.782
2021-04-22 07:05:17,5936499.0,5934795.0,2021-04-22 07:05:17.869
2021-04-22 07:05:18,5936499.0,5934795.0,2021-04-22 07:05:18.909
2021-04-22 07:05:19,5936499.0,5934795.0,2021-04-22 07:05:19.932
2021-04-22 07:05:20,5936499.0,5934795.0,2021-04-22 07:05:20.986
2021-04-22 07:05:22,5936499.0,5934795.0,2021-04-22 07:05:22.027
2021-04-22 07:05:23,5934839.0,5934795.0,2021-04-22 07:05:23.043
2021-04-22 07:05:24,5934839.0,5934795.0,2021-04-22 07:05:24.060
2021-04-22 07:05:25,5934839.0,5934795.0,2021-04-22 07:05:25.072
2021-04-22 07:05:26,5934839.0,5934795.0,2021-04-22 07:05:26.101
2021-04-22 07:05:27,5934839.0,5934795.0,2021-04-22 07:05:27.157
2021-04-22 07:05:28,5934839.0,5934795.0,2021-04-22 07:05:28.187
2021-04-22 07:05:29,5934839.0,5934795.0,2021-04-22 07:05:29.225
2021-04-22 07:05:30,5934839.0,5934795.0,2021-04-22 07:05:30.234
2021-04-22 07:05:31,5934839.0,5934795.0,2021-04-22 07:05:31.331
2021-04-22 07:05:32,5934839.0,5934795.0,2021-04-22 07:05:32.407
2021-04-22 07:05:33,5936499.0,5934795.0,2021-04-22 07:05:33.511
2021-04-22 07:05:34,5936499.0,5934795.0,2021-04-22 07:05:34.520
2021-04-22 07:05:35,5936499.0,5934795.0,2021-04-22 07:05:35.649
2021-04-22 07:05:36,5936499.0,5934795.0,2021-04-22 07:05:36.658
2021-04-22 07:05:37,5936499.0,5934795.0,2021-04-22 07:05:37.671
2021-04-22 07:05:38,5936499.0,5934795.0,2021-04-22 07:05:38.684
2021-04-22 07:05:39,5936499.0,5934795.0,2021-04-22 07:05:39.712
2021-04-22 07:05:40,5936499.0,5934795.0,2021-04-22 07:05:40.724
2021-04-22 07:05:41,5936499.0,5934795.0,2021-04-22 07:05:41.878
2021-04-22 07:05:42,5936499.0,5934795.0,2021-04-22 07:05:42.904
2021-04-22 07:05:43,5936499.0,5934795.0,2021-04-22 07:05:43.914
2021-04-22 07:05:44,5936499.0,5934795.0,2021-04-22 07:05:44.927
2021-04-22 07:05:45,5936499.0,5934795.0,2021-04-22 07:05:45.994
2021-04-22 07:05:47,5936499.0,5934795.0,2021-04-22 07:05:47.003
2021-04-22 07:05:48,5936499.0,5934795.0,2021-04-22 07:05:48.116
2021-04-22 07:05:49,5936499.0,5934795.0,2021-04-22 07:05:49.147
2021-04-22 07:05:50,5936499.0,5934795.0,2021-04-22 07:05:50.175
2021-04-22 07:05:51,5936499.0,5934795.0,2021-04-22 07:05:51.210
2021-04-22 07:05:52,5936499.0,5934795.0,2021-04-22 07:05:52.229
2021-04-22 07:05:53,5936499.0,5934795.0,2021-04-22 07:05:53.276
2021-04-22 07:05:54,5936499.0,5934795.0,2021-04-22 07:05:54.341
2021-04-22 07:05:55,5936499.0,5934795.0,2021-04-22 07:05:55.345
2021-04-22 07:05:56,5936499.0,5934795.0,2021-04-22 07:05:56.394
2021-04-22 07:05:57,5936499.0,5934795.0,2021-04-22 07:05:57.452
2021-04-22 07:05:58,5936499.0,5934795.0,2021-04-22 07:05:58.499
2021-04-22 07:05:59,5936499.0,5934795.0,2021-04-22 07:05:59.530
2021-04-22 07:06:00,5936499.0,5934795.0,2021-04-22 07:06:00.548
2021-04-22 07:06:01,5936499.0,5934795.0,2021-04-22 07:06:01.573
2021-04-22 07:06:02,5936499.0,5934795.0,2021-04-22 07:06:02.607
2021-04-22 07:06:03,5936499.0,5934795.0,2021-04-22 07:06:03.784
2021-04-22 07:06:04,5936499.0,5934795.0,2021-04-22 07:06:04.842
2021-04-22 07:06:05,5936499.0,5934795.0,2021-04-22 07:06:05.863
2021-04-22 07:06:06,5936499.0,5934795.0,2021-04-22 07:06:06.887
2021-04-22 07:06:07,5936499.0,5934795.0,2021-04-22 07:06:07.910
2021-04-22 07:06:09,5936499.0,5934795.0,2021-04-22 07:06:09.012
2021-04-22 07:06:10,5936499.0,5934795.0,2021-04-22 07:06:10.070
2021-04-22 07:06:11,5936499.0,5934795.0,2021-04-22 07:06:11.182
2021-04-22 07:06:12,5936499.0,5934795.0,2021-04-22 07:06:12.198
2021-04-22 07:06:13,5936499.0,5934795.0,2021-04-22 07:06:13.245
2021-04-22 07:06:14,5936499.0,5934795.0,2021-04-22 07:06:14.261
2021-04-22 07:06:15,5936499.0,5934795.0,2021-04-22 07:06:15.285
2021-04-22 07:06:16,5936499.0,5934795.0,2021-04-22 07:06:16.313
2021-04-22 07:06:17,5936499.0,5934795.0,2021-04-22 07:06:17.330
2021-04-22 07:06:18,5936499.0,5934795.0,2021-04-22 07:06:18.419
2021-04-22 07:06:19,5936499.0,5934795.0,2021-04-22 07:06:19.470
2021-04-22 07:06:20,5936499.0,5934795.0,2021-04-22 07:06:20.591
2021-04-22 07:06:21,5936499.0,5934795.0,2021-04-22 07:06:21.601
2021-04-22 07:06:22,5936499.0,5934795.0,2021-04-22 07:06:22.611
2021-04-22 07:06:23,5936499.0,5934795.0,2021-04-22 07:06:23.640
2021-04-22 07:06:24,5936499.0,5934795.0,2021-04-22 07:06:24.679
2021-04-22 07:06:25,5936499.0,5934795.0,2021-04-22 07:06:25.701
2021-04-22 07:06:26,5936499.0,5934795.0,2021-04-22 07:06:26.723
2021-04-22 07:06:27,5936499.0,5934795.0,2021-04-22 07:06:27.745
2021-04-22 07:06:28,5936499.0,5934795.0,2021-04-22 07:06:28.815
2021-04-22 07:06:29,5936499.0,5934795.0,2021-04-22 07:06:29.840
2021-04-22 07:06:30,5936499.0,5934795.0,2021-04-22 07:06:30.907
2021-04-22 07:06:31,5936499.0,5934795.0,2021-04-22 07:06:31.978
2021-04-22 07:06:32,5936499.0,5934795.0,2021-04-22 07:06:32.983
2021-04-22 07:06:33,5936499.0,5934795.0,2021-04-22 07:06:33.990
2021-04-22 07:06:35,5936499.0,5934795.0,2021-04-22 07:06:35.004
2021-04-22 07:06:36,5936499.0,5934795.0,2021-04-22 07:06:36.013
2021-04-22 07:06:37,5936499.0,5934795.0,2021-04-22 07:06:37.045
2021-04-22 07:06:38,5936499.0,5934795.0,2021-04-22 07:06:38.063
2021-04-22 07:06:39,5936499.0,5934795.0,2021-04-22 07:06:39.100
2021-04-22 07:06:40,5936499.0,5936500.0,2021-04-22 07:06:40.865
2021-04-22 07:06:41,5936499.0,5936500.0,2021-04-22 07:06:41.915
2021-04-22 07:06:42,5936499.0,5936500.0,2021-04-22 07:06:42.955
2021-04-22 07:06:44,5936499.0,5936500.0,2021-04-22 07:06:44.058
2021-04-22 07:06:45,5936499.0,5936500.0,2021-04-22 07:06:45.067
2021-04-22 07:06:46,5936499.0,5936500.0,2021-04-22 07:06:46.078
2021-04-22 07:06:47,5936499.0,5936500.0,2021-04-22 07:06:47.097
2021-04-22 07:06:48,5936499.0,5936500.0,2021-04-22 07:06:48.112
2021-04-22 07:06:49,5936499.0,5936500.0,2021-04-22 07:06:49.185
2021-04-22 07:06:50,5936499.0,5936500.0,2021-04-22 07:06:50.267
2021-04-22 07:06:51,5936499.0,5936500.0,2021-04-22 07:06:51.304
2021-04-22 07:06:52,5936499.0,5936500.0,2021-04-22 07:06:52.346
2021-04-22 07:06:53,5936499.0,5936500.0,2021-04-22 07:06:53.374
2021-04-22 07:06:54,5936499.0,5936500.0,2021-04-22 07:06:54.447
2021-04-22 07:06:55,5936499.0,5936500.0,2021-04-22 07:06:55.527
2021-04-22 07:06:56,5936499.0,5936500.0,2021-04-22 07:06:56.559
2021-04-22 07:06:57,5936499.0,5936500.0,2021-04-22 07:06:57.586
2021-04-22 07:06:58,5936499.0,5936500.0,2021-04-22 07:06:58.675
2021-04-22 07:06:59,5936499.0,5936500.0,2021-04-22 07:06:59.684
2021-04-22 07:07:00,5936499.0,5936500.0,2021-04-22 07:07:00.707
2021-04-22 07:07:01,5936499.0,5936500.0,2021-04-22 07:07:01.763
2021-04-22 07:07:02,5936499.0,5936500.0,2021-04-22 07:07:02.797
2021-04-22 07:07:03,5936499.0,5936500.0,2021-04-22 07:07:03.820
2021-04-22 07:07:04,5936499.0,5936500.0,2021-04-22 07:07:04.830
2021-04-22 07:07:05,5936499.0,5936500.0,2021-04-22 07:07:05.849
2021-04-22 07:07:06,5936499.0,5936500.0,2021-04-22 07:07:06.868
2021-04-22 07:07:07,5936499.0,5936500.0,2021-04-22 07:07:07.907
2021-04-22 07:07:08,5936499.0,5936500.0,2021-04-22 07:07:08.926
2021-04-22 07:07:09,5936499.0,5936500.0,2021-04-22 07:07:09.938
2021-04-22 07:07:11,5936499.0,5936500.0,2021-04-22 07:07:11.063
2021-04-22 07:07:12,5936499.0,5936500.0,2021-04-22 07:07:12.092
2021-04-22 07:07:13,5936499.0,5936500.0,2021-04-22 07:07:13.119
2021-04-22 07:07:14,5936499.0,5936500.0,2021-04-22 07:07:14.154
2021-04-22 07:07:15,5936499.0,5936500.0,2021-04-22 07:07:15.189
2021-04-22 07:07:16,5936499.0,5936500.0,2021-04-22 07:07:16.299
2021-04-22 07:07:17,5936499.0,5936500.0,2021-04-22 07:07:17.325
2021-04-22 07:07:18,5936499.0,5936500.0,2021-04-22 07:07:18.338
2021-04-22 07:07:19,5936499.0,5936500.0,2021-04-22 07:07:19.350
2021-04-22 07:07:20,5936499.0,5936500.0,2021-04-22 07:07:20.362
2021-04-22 07:07:21,5936499.0,5936500.0,2021-04-22 07:07:21.423
2021-04-22 07:07:22,5936499.0,5936500.0,2021-04-22 07:07:22.439
2021-04-22 07:07:23,5936499.0,5936500.0,2021-04-22 07:07:23.449
2021-04-22 07:07:24,5936499.0,5936500.0,2021-04-22 07:07:24.526
2021-04-22 07:07:25,5936499.0,5936500.0,2021-04-22 07:07:25.534
2021-04-22 07:07:27,5936499.0,5941933.0,2021-04-22 07:07:27.205
2021-04-22 07:07:28,5936499.0,5941933.0,2021-04-22 07:07:28.219
2021-04-22 07:07:29,5936499.0,5941933.0,2021-04-22 07:07:29.230
2021-04-22 07:07:30,5936499.0,5941933.0,2021-04-22 07:07:30.350
2021-04-22 07:07:31,5936499.0,5941933.0,2021-04-22 07:07:31.426
2021-04-22 07:07:32,5941930.0,5941933.0,2021-04-22 07:07:32.458
2021-04-22 07:07:34,5941930.0,5941933.0,2021-04-22 07:07:34.285
2021-04-22 07:07:35,5941930.0,5941933.0,2021-04-22 07:07:35.447
2021-04-22 07:07:36,5941930.0,5941933.0,2021-04-22 07:07:36.459
2021-04-22 07:07:37,5941930.0,5941933.0,2021-04-22 07:07:37.464
2021-04-22 07:07:38,5941930.0,5941933.0,2021-04-22 07:07:38.469
2021-04-22 07:07:39,5941930.0,5941933.0,2021-04-22 07:07:39.559
2021-04-22 07:07:40,5941930.0,5941933.0,2021-04-22 07:07:40.577
2021-04-22 07:07:41,5941930.0,5941933.0,2021-04-22 07:07:41.587
2021-04-22 07:07:42,5941930.0,5941933.0,2021-04-22 07:07:42.646
2021-04-22 07:07:43,5941930.0,5941933.0,2021-04-22 07:07:43.696
2021-04-22 07:07:44,5941930.0,5941933.0,2021-04-22 07:07:44.764
2021-04-22 07:07:45,5941930.0,5945711.0,2021-04-22 07:07:45.781
2021-04-22 07:07:46,5941930.0,5945711.0,2021-04-22 07:07:46.793
2021-04-22 07:07:47,5942512.0,5945379.0,2021-04-22 07:07:47.919
2021-04-22 07:07:48,5942512.0,5945379.0,2021-04-22 07:07:48.925
2021-04-22 07:07:49,5942512.0,5945379.0,2021-04-22 07:07:49.966
2021-04-22 07:07:50,5942512.0,5945379.0,2021-04-22 07:07:50.983
2021-04-22 07:07:52,5942512.0,5945379.0,2021-04-22 07:07:52.022
2021-04-22 07:07:53,5942512.0,5945379.0,2021-04-22 07:07:53.052
2021-04-22 07:07:54,5942512.0,5945379.0,2021-04-22 07:07:54.073
2021-04-22 07:07:55,5942512.0,5945379.0,2021-04-22 07:07:55.086
2021-04-22 07:07:56,5942512.0,5945379.0,2021-04-22 07:07:56.137
2021-04-22 07:07:57,5942512.0,5945379.0,2021-04-22 07:07:57.159
2021-04-22 07:07:58,5942512.0,5945379.0,2021-04-22 07:07:58.247
2021-04-22 07:07:59,5942512.0,5945379.0,2021-04-22 07:07:59.272
2021-04-22 07:08:00,5942512.0,5945379.0,2021-04-22 07:08:00.296
2021-04-22 07:08:01,5942512.0,5945379.0,2021-04-22 07:08:01.308
2021-04-22 07:08:02,5945378.0,5945379.0,2021-04-22 07:08:02.332
2021-04-22 07:08:04,5945378.0,5945379.0,2021-04-22 07:08:04.179
2021-04-22 07:08:05,5945378.0,5945379.0,2021-04-22 07:08:05.237
2021-04-22 07:08:06,5945378.0,5945379.0,2021-04-22 07:08:06.265
2021-04-22 07:08:07,5945378.0,5945379.0,2021-04-22 07:08:07.291
2021-04-22 07:08:08,5945378.0,5945379.0,2021-04-22 07:08:08.308
2021-04-22 07:08:09,5945378.0,5945379.0,2021-04-22 07:08:09.359
2021-04-22 07:08:10,5945378.0,5945379.0,2021-04-22 07:08:10.465
2021-04-22 07:08:11,5945378.0,5945379.0,2021-04-22 07:08:11.478
2021-04-22 07:08:12,5945378.0,5945379.0,2021-04-22 07:08:12.499
2021-04-22 07:08:13,5945378.0,5945379.0,2021-04-22 07:08:13.673
2021-04-22 07:08:14,5945378.0,5945379.0,2021-04-22 07:08:14.693
2021-04-22 07:08:15,5945378.0,5945379.0,2021-04-22 07:08:15.712
2021-04-22 07:08:16,5945378.0,5945379.0,2021-04-22 07:08:16.800
2021-04-22 07:08:17,5945378.0,5943401.0,2021-04-22 07:08:17.807
2021-04-22 07:08:18,5945378.0,5943401.0,2021-04-22 07:08:18.849
2021-04-22 07:08:19,5945378.0,5943401.0,2021-04-22 07:08:19.907
2021-04-22 07:08:20,5945378.0,5943401.0,2021-04-22 07:08:20.955
2021-04-22 07:08:21,5945378.0,5943401.0,2021-04-22 07:08:21.990
2021-04-22 07:08:23,5945378.0,5943401.0,2021-04-22 07:08:23.170
2021-04-22 07:08:24,5945378.0,5943401.0,2021-04-22 07:08:24.188
2021-04-22 07:08:25,5945378.0,5943401.0,2021-04-22 07:08:25.199
2021-04-22 07:08:26,5945378.0,5943401.0,2021-04-22 07:08:26.304
2021-04-22 07:08:27,5945378.0,5943401.0,2021-04-22 07:08:27.323
2021-04-22 07:08:28,5945378.0,5943401.0,2021-04-22 07:08:28.332
2021-04-22 07:08:29,5945378.0,5943401.0,2021-04-22 07:08:29.346
2021-04-22 07:08:30,5945378.0,5943401.0,2021-04-22 07:08:30.360
2021-04-22 07:08:31,5945378.0,5943401.0,2021-04-22 07:08:31.364
2021-04-22 07:08:32,5945378.0,5943401.0,2021-04-22 07:08:32.368
2021-04-22 07:08:33,5945378.0,5943401.0,2021-04-22 07:08:33.380
2021-04-22 07:08:34,5945378.0,5943401.0,2021-04-22 07:08:34.391
2021-04-22 07:08:35,5945378.0,5943401.0,2021-04-22 07:08:35.407
2021-04-22 07:08:36,5945378.0,5943401.0,2021-04-22 07:08:36.424
2021-04-22 07:08:37,5945378.0,5943401.0,2021-04-22 07:08:37.436
2021-04-22 07:08:38,5945378.0,5943401.0,2021-04-22 07:08:38.474
2021-04-22 07:08:39,5945378.0,5943401.0,2021-04-22 07:08:39.510
2021-04-22 07:08:40,5945378.0,5943401.0,2021-04-22 07:08:40.565
2021-04-22 07:08:41,5945378.0,5943401.0,2021-04-22 07:08:41.582
2021-04-22 07:08:42,5945378.0,5943401.0,2021-04-22 07:08:42.642
2021-04-22 07:08:43,5945378.0,5943401.0,2021-04-22 07:08:43.656
2021-04-22 07:08:44,5945378.0,5943401.0,2021-04-22 07:08:44.716
2021-04-22 07:08:45,5945378.0,5945372.0,2021-04-22 07:08:45.782
2021-04-22 07:08:46,5945378.0,5945372.0,2021-04-22 07:08:46.807
2021-04-22 07:08:47,5945378.0,5945372.0,2021-04-22 07:08:47.831
2021-04-22 07:08:48,5945378.0,5945372.0,2021-04-22 07:08:48.859
2021-04-22 07:08:49,5945378.0,5945372.0,2021-04-22 07:08:49.920
2021-04-22 07:08:50,5945378.0,5945372.0,2021-04-22 07:08:50.969
2021-04-22 07:08:52,5945378.0,5945372.0,2021-04-22 07:08:52.001
2021-04-22 07:08:53,5945378.0,5945372.0,2021-04-22 07:08:53.041
2021-04-22 07:08:54,5945378.0,5945372.0,2021-04-22 07:08:54.057
2021-04-22 07:08:55,5945378.0,5945372.0,2021-04-22 07:08:55.098
2021-04-22 07:08:56,5945378.0,5945372.0,2021-04-22 07:08:56.111
2021-04-22 07:08:57,5945378.0,5945372.0,2021-04-22 07:08:57.131
2021-04-22 07:08:58,5945378.0,5945372.0,2021-04-22 07:08:58.177
2021-04-22 07:08:59,5945378.0,5945372.0,2021-04-22 07:08:59.211
2021-04-22 07:09:00,5945378.0,5945372.0,2021-04-22 07:09:00.262
2021-04-22 07:09:01,5945378.0,5945372.0,2021-04-22 07:09:01.308
2021-04-22 07:09:02,5945378.0,5943516.0,2021-04-22 07:09:02.334
2021-04-22 07:09:03,5945378.0,5943516.0,2021-04-22 07:09:03.347
2021-04-22 07:09:04,5945378.0,5943516.0,2021-04-22 07:09:04.406
2021-04-22 07:09:05,5945378.0,5943516.0,2021-04-22 07:09:05.494
2021-04-22 07:09:06,5945378.0,5943516.0,2021-04-22 07:09:06.499
2021-04-22 07:09:07,5945378.0,5943516.0,2021-04-22 07:09:07.507
2021-04-22 07:09:08,5945378.0,5943516.0,2021-04-22 07:09:08.530
2021-04-22 07:09:09,5945378.0,5943516.0,2021-04-22 07:09:09.555
2021-04-22 07:09:10,5945378.0,5943516.0,2021-04-22 07:09:10.586
2021-04-22 07:09:11,5945378.0,5943516.0,2021-04-22 07:09:11.749
2021-04-22 07:09:12,5945378.0,5943516.0,2021-04-22 07:09:12.768
2021-04-22 07:09:13,5945378.0,5943516.0,2021-04-22 07:09:13.772
2021-04-22 07:09:14,5945378.0,5943516.0,2021-04-22 07:09:14.819
2021-04-22 07:09:15,5945378.0,5943516.0,2021-04-22 07:09:15.892
2021-04-22 07:09:16,5945378.0,5943516.0,2021-04-22 07:09:16.918
2021-04-22 07:09:17,5945378.0,5943516.0,2021-04-22 07:09:17.944
2021-04-22 07:09:19,5945378.0,5943516.0,2021-04-22 07:09:18.989
2021-04-22 07:09:20,5945378.0,5943516.0,2021-04-22 07:09:20.067
2021-04-22 07:09:21,5945378.0,5943516.0,2021-04-22 07:09:21.083
2021-04-22 07:09:22,5945378.0,5943516.0,2021-04-22 07:09:22.150
2021-04-22 07:09:23,5945378.0,5943516.0,2021-04-22 07:09:23.184
2021-04-22 07:09:24,5945378.0,5943516.0,2021-04-22 07:09:24.214
2021-04-22 07:09:25,5945378.0,5943516.0,2021-04-22 07:09:25.268
2021-04-22 07:09:26,5945378.0,5943516.0,2021-04-22 07:09:26.356
2021-04-22 07:09:27,5945378.0,5943516.0,2021-04-22 07:09:27.375
2021-04-22 07:09:28,5945378.0,5943516.0,2021-04-22 07:09:28.416
2021-04-22 07:09:29,5945378.0,5943516.0,2021-04-22 07:09:29.530
2021-04-22 07:09:30,5945378.0,5943516.0,2021-04-22 07:09:30.554
2021-04-22 07:09:31,5945378.0,5943516.0,2021-04-22 07:09:31.607
2021-04-22 07:09:32,5945378.0,5941631.0,2021-04-22 07:09:32.615
2021-04-22 07:09:33,5945378.0,5941631.0,2021-04-22 07:09:33.699
2021-04-22 07:09:34,5945378.0,5941631.0,2021-04-22 07:09:34.801
2021-04-22 07:09:35,5945378.0,5941631.0,2021-04-22 07:09:35.812
2021-04-22 07:09:36,5945378.0,5941631.0,2021-04-22 07:09:36.824
2021-04-22 07:09:37,5945378.0,5941631.0,2021-04-22 07:09:37.851
2021-04-22 07:09:38,5945378.0,5941631.0,2021-04-22 07:09:38.876
2021-04-22 07:09:39,5945378.0,5941631.0,2021-04-22 07:09:39.902
2021-04-22 07:09:40,5945378.0,5941631.0,2021-04-22 07:09:40.936
2021-04-22 07:09:42,5945378.0,5941631.0,2021-04-22 07:09:42.056
2021-04-22 07:09:43,5945378.0,5941631.0,2021-04-22 07:09:43.078
2021-04-22 07:09:44,5945378.0,5941631.0,2021-04-22 07:09:44.197
2021-04-22 07:09:45,5945378.0,5941631.0,2021-04-22 07:09:45.255
2021-04-22 07:09:46,5945378.0,5941631.0,2021-04-22 07:09:46.315
2021-04-22 07:09:47,5945378.0,5941631.0,2021-04-22 07:09:47.329
2021-04-22 07:09:48,5945378.0,5941631.0,2021-04-22 07:09:48.426
2021-04-22 07:09:49,5945378.0,5941631.0,2021-04-22 07:09:49.464
2021-04-22 07:09:50,5945378.0,5941631.0,2021-04-22 07:09:50.635
2021-04-22 07:09:51,5945378.0,5941631.0,2021-04-22 07:09:51.680
2021-04-22 07:09:52,5945378.0,5941631.0,2021-04-22 07:09:52.715
2021-04-22 07:09:53,5945378.0,5941631.0,2021-04-22 07:09:53.751
2021-04-22 07:09:54,5945378.0,5941631.0,2021-04-22 07:09:54.818
2021-04-22 07:09:55,5945378.0,5941631.0,2021-04-22 07:09:55.829
2021-04-22 07:09:56,5945378.0,5941631.0,2021-04-22 07:09:56.855
2021-04-22 07:09:57,5945378.0,5941631.0,2021-04-22 07:09:57.883
2021-04-22 07:09:59,5945378.0,5941631.0,2021-04-22 07:09:59.025
2021-04-22 07:10:00,5945378.0,5941631.0,2021-04-22 07:10:00.041
2021-04-22 07:10:01,5940213.0,5941631.0,2021-04-22 07:10:01.049
2021-04-22 07:10:02,5940213.0,5941631.0,2021-04-22 07:10:02.164
2021-04-22 07:10:03,5940222.0,5941630.0,2021-04-22 07:10:03.221
2021-04-22 07:10:04,5940222.0,5941630.0,2021-04-22 07:10:04.250
2021-04-22 07:10:05,5940222.0,5941630.0,2021-04-22 07:10:05.282
2021-04-22 07:10:06,5940222.0,5941630.0,2021-04-22 07:10:06.412
2021-04-22 07:10:07,5940222.0,5941630.0,2021-04-22 07:10:07.450
2021-04-22 07:10:08,5940222.0,5941630.0,2021-04-22 07:10:08.478
2021-04-22 07:10:09,5940222.0,5941630.0,2021-04-22 07:10:09.673
2021-04-22 07:10:10,5940222.0,5941630.0,2021-04-22 07:10:10.678
2021-04-22 07:10:11,5940222.0,5941630.0,2021-04-22 07:10:11.729
2021-04-22 07:10:12,5940222.0,5941630.0,2021-04-22 07:10:12.743
2021-04-22 07:10:13,5940222.0,5941630.0,2021-04-22 07:10:13.777
2021-04-22 07:10:14,5940222.0,5941630.0,2021-04-22 07:10:14.823
2021-04-22 07:10:15,5940222.0,5941630.0,2021-04-22 07:10:15.833
2021-04-22 07:10:16,5940222.0,5941630.0,2021-04-22 07:10:16.856
2021-04-22 07:10:17,5940222.0,5941628.0,2021-04-22 07:10:17.886
2021-04-22 07:10:18,5940222.0,5941628.0,2021-04-22 07:10:18.901
2021-04-22 07:10:19,5940222.0,5941628.0,2021-04-22 07:10:19.934
2021-04-22 07:10:20,5940222.0,5941628.0,2021-04-22 07:10:20.967
2021-04-22 07:10:21,5940222.0,5941628.0,2021-04-22 07:10:21.980
2021-04-22 07:10:22,5940222.0,5941628.0,2021-04-22 07:10:22.986
2021-04-22 07:10:24,5940222.0,5941628.0,2021-04-22 07:10:24.236
2021-04-22 07:10:25,5940222.0,5941628.0,2021-04-22 07:10:25.269
2021-04-22 07:10:26,5940222.0,5941628.0,2021-04-22 07:10:26.310
2021-04-22 07:10:27,5940222.0,5941628.0,2021-04-22 07:10:27.378
2021-04-22 07:10:28,5940222.0,5941628.0,2021-04-22 07:10:28.408
2021-04-22 07:10:29,5940222.0,5941628.0,2021-04-22 07:10:29.454
2021-04-22 07:10:30,5940222.0,5941628.0,2021-04-22 07:10:30.524
2021-04-22 07:10:31,5940222.0,5941628.0,2021-04-22 07:10:31.591
2021-04-22 07:10:32,5940222.0,5940200.0,2021-04-22 07:10:32.604
2021-04-22 07:10:33,5940222.0,5940200.0,2021-04-22 07:10:33.637
2021-04-22 07:10:34,5940222.0,5940200.0,2021-04-22 07:10:34.747
2021-04-22 07:10:35,5940000.0,5940200.0,2021-04-22 07:10:35.783
2021-04-22 07:10:36,5940000.0,5940200.0,2021-04-22 07:10:36.808
2021-04-22 07:10:37,5940000.0,5940200.0,2021-04-22 07:10:37.824
2021-04-22 07:10:38,5940000.0,5940200.0,2021-04-22 07:10:38.828
2021-04-22 07:10:39,5940000.0,5940200.0,2021-04-22 07:10:39.841
2021-04-22 07:10:40,5940000.0,5940200.0,2021-04-22 07:10:40.854
2021-04-22 07:10:41,5940000.0,5940200.0,2021-04-22 07:10:41.867
2021-04-22 07:10:43,5940000.0,5940200.0,2021-04-22 07:10:43.106
2021-04-22 07:10:44,5940000.0,5940200.0,2021-04-22 07:10:44.151
2021-04-22 07:10:45,5940000.0,5940200.0,2021-04-22 07:10:45.187
2021-04-22 07:10:46,5940000.0,5940200.0,2021-04-22 07:10:46.212
2021-04-22 07:10:47,5940000.0,5940001.0,2021-04-22 07:10:47.223
2021-04-22 07:10:48,5940000.0,5940001.0,2021-04-22 07:10:48.234
2021-04-22 07:10:49,5940000.0,5940001.0,2021-04-22 07:10:49.249
2021-04-22 07:10:50,5940000.0,5940001.0,2021-04-22 07:10:50.340
2021-04-22 07:10:51,5940000.0,5940001.0,2021-04-22 07:10:51.363
2021-04-22 07:10:52,5940000.0,5940001.0,2021-04-22 07:10:52.379
2021-04-22 07:10:53,5940000.0,5940001.0,2021-04-22 07:10:53.402
2021-04-22 07:10:54,5940000.0,5940001.0,2021-04-22 07:10:54.483
2021-04-22 07:10:55,5940000.0,5940001.0,2021-04-22 07:10:55.508
2021-04-22 07:10:56,5940000.0,5940001.0,2021-04-22 07:10:56.525
2021-04-22 07:10:57,5940000.0,5940001.0,2021-04-22 07:10:57.537
2021-04-22 07:10:58,5940000.0,5940001.0,2021-04-22 07:10:58.627
2021-04-22 07:10:59,5940000.0,5940001.0,2021-04-22 07:10:59.702
2021-04-22 07:11:00,5940000.0,5940001.0,2021-04-22 07:11:00.726
2021-04-22 07:11:01,5940000.0,5940001.0,2021-04-22 07:11:01.747
2021-04-22 07:11:02,5940000.0,5940001.0,2021-04-22 07:11:02.755
2021-04-22 07:11:03,5940000.0,5940001.0,2021-04-22 07:11:03.767
2021-04-22 07:11:04,5940000.0,5940001.0,2021-04-22 07:11:04.778
2021-04-22 07:11:05,5940000.0,5940001.0,2021-04-22 07:11:05.828
2021-04-22 07:11:06,5940000.0,5940001.0,2021-04-22 07:11:06.896
2021-04-22 07:11:07,5940000.0,5940001.0,2021-04-22 07:11:07.994
2021-04-22 07:11:09,5940000.0,5940001.0,2021-04-22 07:11:09.038
2021-04-22 07:11:10,5940000.0,5940001.0,2021-04-22 07:11:10.058
2021-04-22 07:11:11,5940000.0,5940001.0,2021-04-22 07:11:11.091
2021-04-22 07:11:12,5940000.0,5940001.0,2021-04-22 07:11:12.181
2021-04-22 07:11:13,5940000.0,5940001.0,2021-04-22 07:11:13.223
2021-04-22 07:11:14,5940000.0,5940001.0,2021-04-22 07:11:14.291
2021-04-22 07:11:15,5940000.0,5940001.0,2021-04-22 07:11:15.335
2021-04-22 07:11:16,5940000.0,5940001.0,2021-04-22 07:11:16.367
2021-04-22 07:11:17,5940000.0,5940001.0,2021-04-22 07:11:17.444
2021-04-22 07:11:18,5940000.0,5940001.0,2021-04-22 07:11:18.455
2021-04-22 07:11:19,5940000.0,5940001.0,2021-04-22 07:11:19.541
2021-04-22 07:11:20,5940000.0,5940001.0,2021-04-22 07:11:20.702
2021-04-22 07:11:21,5940000.0,5940001.0,2021-04-22 07:11:21.705
2021-04-22 07:11:22,5940000.0,5940001.0,2021-04-22 07:11:22.714
2021-04-22 07:11:23,5940000.0,5940001.0,2021-04-22 07:11:23.719
2021-04-22 07:11:24,5940000.0,5940001.0,2021-04-22 07:11:24.725
2021-04-22 07:11:25,5940000.0,5940001.0,2021-04-22 07:11:25.944
2021-04-22 07:11:26,5940000.0,5940001.0,2021-04-22 07:11:26.951
2021-04-22 07:11:27,5940000.0,5940001.0,2021-04-22 07:11:27.990
2021-04-22 07:11:29,5940000.0,5940001.0,2021-04-22 07:11:29.053
2021-04-22 07:11:30,5940000.0,5940001.0,2021-04-22 07:11:30.138
2021-04-22 07:11:31,5940000.0,5940001.0,2021-04-22 07:11:31.194
2021-04-22 07:11:32,5940000.0,5940001.0,2021-04-22 07:11:32.289
2021-04-22 07:11:33,5940000.0,5940001.0,2021-04-22 07:11:33.324
2021-04-22 07:11:34,5940000.0,5940001.0,2021-04-22 07:11:34.428
2021-04-22 07:11:35,5940000.0,5940001.0,2021-04-22 07:11:35.490
2021-04-22 07:11:36,5940000.0,5940001.0,2021-04-22 07:11:36.498
2021-04-22 07:11:37,5940000.0,5940001.0,2021-04-22 07:11:37.551
2021-04-22 07:11:38,5940000.0,5940001.0,2021-04-22 07:11:38.579
2021-04-22 07:11:39,5940000.0,5940001.0,2021-04-22 07:11:39.681
2021-04-22 07:11:40,5940000.0,5940001.0,2021-04-22 07:11:40.762
2021-04-22 07:11:41,5940000.0,5940001.0,2021-04-22 07:11:41.826
2021-04-22 07:11:42,5940000.0,5940001.0,2021-04-22 07:11:42.848
2021-04-22 07:11:43,5940000.0,5940001.0,2021-04-22 07:11:43.851
2021-04-22 07:11:44,5940000.0,5940001.0,2021-04-22 07:11:44.910
2021-04-22 07:11:45,5940000.0,5940001.0,2021-04-22 07:11:45.948
2021-04-22 07:11:46,5940000.0,5940001.0,2021-04-22 07:11:46.959
2021-04-22 07:11:48,5940000.0,5939002.0,2021-04-22 07:11:47.997
2021-04-22 07:11:49,5940000.0,5939002.0,2021-04-22 07:11:49.019
2021-04-22 07:11:50,5940000.0,5939002.0,2021-04-22 07:11:50.035
2021-04-22 07:11:51,5940000.0,5939002.0,2021-04-22 07:11:51.054
2021-04-22 07:11:52,5940000.0,5939002.0,2021-04-22 07:11:52.103
2021-04-22 07:11:53,5940000.0,5939002.0,2021-04-22 07:11:53.201
2021-04-22 07:11:54,5940000.0,5939002.0,2021-04-22 07:11:54.282
2021-04-22 07:11:55,5940000.0,5939002.0,2021-04-22 07:11:55.308
2021-04-22 07:11:56,5940000.0,5939002.0,2021-04-22 07:11:56.356
2021-04-22 07:11:57,5940000.0,5939002.0,2021-04-22 07:11:57.369
2021-04-22 07:11:58,5940000.0,5939002.0,2021-04-22 07:11:58.377
2021-04-22 07:11:59,5940000.0,5939002.0,2021-04-22 07:11:59.396
2021-04-22 07:12:00,5940000.0,5939002.0,2021-04-22 07:12:00.439
2021-04-22 07:12:01,5940000.0,5939002.0,2021-04-22 07:12:01.457
2021-04-22 07:12:02,5940000.0,5939002.0,2021-04-22 07:12:02.479
2021-04-22 07:12:03,5940000.0,5939002.0,2021-04-22 07:12:03.487
2021-04-22 07:12:04,5940000.0,5939002.0,2021-04-22 07:12:04.504
2021-04-22 07:12:05,5940000.0,5939002.0,2021-04-22 07:12:05.639
2021-04-22 07:12:06,5940000.0,5939002.0,2021-04-22 07:12:06.670
2021-04-22 07:12:07,5940000.0,5939002.0,2021-04-22 07:12:07.704
2021-04-22 07:12:08,5940000.0,5939002.0,2021-04-22 07:12:08.713
2021-04-22 07:12:09,5940000.0,5939002.0,2021-04-22 07:12:09.719
2021-04-22 07:12:10,5940000.0,5939002.0,2021-04-22 07:12:10.785
2021-04-22 07:12:11,5940000.0,5939002.0,2021-04-22 07:12:11.910
2021-04-22 07:12:12,5940000.0,5939002.0,2021-04-22 07:12:12.994
2021-04-22 07:12:14,5940000.0,5939002.0,2021-04-22 07:12:14.008
2021-04-22 07:12:15,5940000.0,5939002.0,2021-04-22 07:12:15.072
2021-04-22 07:12:16,5940000.0,5939002.0,2021-04-22 07:12:16.080
2021-04-22 07:12:17,5940000.0,5939002.0,2021-04-22 07:12:17.085
2021-04-22 07:12:18,5940000.0,5939002.0,2021-04-22 07:12:18.147
2021-04-22 07:12:19,5940000.0,5939002.0,2021-04-22 07:12:19.198
2021-04-22 07:12:20,5940000.0,5939002.0,2021-04-22 07:12:20.296
2021-04-22 07:12:21,5940000.0,5939002.0,2021-04-22 07:12:21.359
2021-04-22 07:12:22,5940000.0,5939002.0,2021-04-22 07:12:22.379
2021-04-22 07:12:23,5939001.0,5939002.0,2021-04-22 07:12:23.446
2021-04-22 07:12:24,5939001.0,5939002.0,2021-04-22 07:12:24.476
2021-04-22 07:12:25,5939001.0,5939002.0,2021-04-22 07:12:25.490
2021-04-22 07:12:26,5939001.0,5939002.0,2021-04-22 07:12:26.515
2021-04-22 07:12:27,5939001.0,5939002.0,2021-04-22 07:12:27.542
2021-04-22 07:12:28,5939001.0,5939002.0,2021-04-22 07:12:28.590
2021-04-22 07:12:29,5939001.0,5939002.0,2021-04-22 07:12:29.670
2021-04-22 07:12:30,5939001.0,5939002.0,2021-04-22 07:12:30.726
2021-04-22 07:12:31,5939001.0,5939002.0,2021-04-22 07:12:31.736
2021-04-22 07:12:32,5939001.0,5939001.0,2021-04-22 07:12:32.771
2021-04-22 07:12:33,5939001.0,5939001.0,2021-04-22 07:12:33.778
2021-04-22 07:12:34,5939001.0,5939001.0,2021-04-22 07:12:34.964
2021-04-22 07:12:36,5939001.0,5939001.0,2021-04-22 07:12:35.995
2021-04-22 07:12:37,5939001.0,5939001.0,2021-04-22 07:12:37.015
2021-04-22 07:12:38,5939001.0,5939001.0,2021-04-22 07:12:38.083
2021-04-22 07:12:39,5939001.0,5939001.0,2021-04-22 07:12:39.123
2021-04-22 07:12:40,5939001.0,5939001.0,2021-04-22 07:12:40.286
2021-04-22 07:12:41,5939001.0,5939001.0,2021-04-22 07:12:41.326
2021-04-22 07:12:42,5939001.0,5939001.0,2021-04-22 07:12:42.336
2021-04-22 07:12:43,5939001.0,5939001.0,2021-04-22 07:12:43.377
2021-04-22 07:12:44,5939001.0,5939001.0,2021-04-22 07:12:44.395
2021-04-22 07:12:45,5939001.0,5939001.0,2021-04-22 07:12:45.618
2021-04-22 07:12:46,5939001.0,5939001.0,2021-04-22 07:12:46.700
2021-04-22 07:12:47,5939001.0,5939001.0,2021-04-22 07:12:47.780
2021-04-22 07:12:48,5939001.0,5939001.0,2021-04-22 07:12:48.802
2021-04-22 07:12:49,5939001.0,5939001.0,2021-04-22 07:12:49.879
2021-04-22 07:12:50,5939001.0,5939001.0,2021-04-22 07:12:50.887
2021-04-22 07:12:51,5939001.0,5939001.0,2021-04-22 07:12:51.897
2021-04-22 07:12:52,5939001.0,5939001.0,2021-04-22 07:12:52.927
2021-04-22 07:12:53,5939001.0,5939001.0,2021-04-22 07:12:53.968
2021-04-22 07:12:55,5939001.0,5939001.0,2021-04-22 07:12:55.017
2021-04-22 07:12:56,5939001.0,5939001.0,2021-04-22 07:12:56.082
2021-04-22 07:12:57,5939001.0,5939001.0,2021-04-22 07:12:57.161
2021-04-22 07:12:58,5939001.0,5939001.0,2021-04-22 07:12:58.182
2021-04-22 07:12:59,5939001.0,5939001.0,2021-04-22 07:12:59.259
2021-04-22 07:13:00,5939001.0,5939001.0,2021-04-22 07:13:00.287
2021-04-22 07:13:01,5939001.0,5939001.0,2021-04-22 07:13:01.366
2021-04-22 07:13:02,5939001.0,5939001.0,2021-04-22 07:13:02.389
2021-04-22 07:13:03,5939001.0,5939001.0,2021-04-22 07:13:03.403
2021-04-22 07:13:04,5939001.0,5939001.0,2021-04-22 07:13:04.513
2021-04-22 07:13:05,5939001.0,5939001.0,2021-04-22 07:13:05.536
2021-04-22 07:13:06,5939001.0,5939001.0,2021-04-22 07:13:06.661
2021-04-22 07:13:07,5939001.0,5939001.0,2021-04-22 07:13:07.702
2021-04-22 07:13:08,5939001.0,5939001.0,2021-04-22 07:13:08.733
2021-04-22 07:13:09,5939001.0,5939001.0,2021-04-22 07:13:09.774
2021-04-22 07:13:10,5939001.0,5939001.0,2021-04-22 07:13:10.791
2021-04-22 07:13:11,5939001.0,5939001.0,2021-04-22 07:13:11.799
2021-04-22 07:13:12,5939001.0,5939001.0,2021-04-22 07:13:12.808
2021-04-22 07:13:13,5939001.0,5939001.0,2021-04-22 07:13:13.825
2021-04-22 07:13:14,5939001.0,5939001.0,2021-04-22 07:13:14.834
2021-04-22 07:13:15,5939001.0,5939001.0,2021-04-22 07:13:15.903
2021-04-22 07:13:16,5939001.0,5939001.0,2021-04-22 07:13:16.931
2021-04-22 07:13:18,5939001.0,5939001.0,2021-04-22 07:13:18.093
2021-04-22 07:13:19,5939001.0,5939001.0,2021-04-22 07:13:19.147
2021-04-22 07:13:20,5939001.0,5939001.0,2021-04-22 07:13:20.194
2021-04-22 07:13:21,5939001.0,5939001.0,2021-04-22 07:13:21.250
2021-04-22 07:13:22,5939001.0,5939001.0,2021-04-22 07:13:22.323
2021-04-22 07:13:23,5939001.0,5939001.0,2021-04-22 07:13:23.434
2021-04-22 07:13:24,5939001.0,5939001.0,2021-04-22 07:13:24.489
2021-04-22 07:13:25,5939001.0,5939001.0,2021-04-22 07:13:25.550
2021-04-22 07:13:26,5939001.0,5939001.0,2021-04-22 07:13:26.585
2021-04-22 07:13:27,5939001.0,5939001.0,2021-04-22 07:13:27.612
2021-04-22 07:13:28,5939001.0,5939001.0,2021-04-22 07:13:28.761
2021-04-22 07:13:29,5939001.0,5939001.0,2021-04-22 07:13:29.772
2021-04-22 07:13:30,5939001.0,5939001.0,2021-04-22 07:13:30.824
2021-04-22 07:13:31,5939001.0,5939001.0,2021-04-22 07:13:31.862
2021-04-22 07:13:32,5939001.0,5939001.0,2021-04-22 07:13:32.974
2021-04-22 07:13:34,5939001.0,5939001.0,2021-04-22 07:13:33.992
2021-04-22 07:13:35,5939001.0,5939001.0,2021-04-22 07:13:35.035
2021-04-22 07:13:36,5939001.0,5939001.0,2021-04-22 07:13:36.095
2021-04-22 07:13:37,5939001.0,5939001.0,2021-04-22 07:13:37.117
2021-04-22 07:13:38,5939001.0,5939001.0,2021-04-22 07:13:38.143
2021-04-22 07:13:39,5939001.0,5939001.0,2021-04-22 07:13:39.151
2021-04-22 07:13:40,5939001.0,5939001.0,2021-04-22 07:13:40.180
2021-04-22 07:13:41,5939001.0,5939001.0,2021-04-22 07:13:41.315
2021-04-22 07:13:42,5939001.0,5939001.0,2021-04-22 07:13:42.345
2021-04-22 07:13:43,5939001.0,5939001.0,2021-04-22 07:13:43.486
2021-04-22 07:13:44,5939001.0,5939001.0,2021-04-22 07:13:44.545
2021-04-22 07:13:45,5939001.0,5939001.0,2021-04-22 07:13:45.571
2021-04-22 07:13:46,5939001.0,5939001.0,2021-04-22 07:13:46.588
2021-04-22 07:13:47,5939001.0,5939001.0,2021-04-22 07:13:47.599
2021-04-22 07:13:48,5939001.0,5939001.0,2021-04-22 07:13:48.627
2021-04-22 07:13:49,5939001.0,5939001.0,2021-04-22 07:13:49.659
2021-04-22 07:13:50,5939001.0,5939001.0,2021-04-22 07:13:50.688
2021-04-22 07:13:51,5939001.0,5939001.0,2021-04-22 07:13:51.731
2021-04-22 07:13:52,5939001.0,5939001.0,2021-04-22 07:13:52.771
2021-04-22 07:13:53,5939001.0,5939001.0,2021-04-22 07:13:53.984
2021-04-22 07:13:55,5939001.0,5939001.0,2021-04-22 07:13:55.028
2021-04-22 07:13:56,5939001.0,5939001.0,2021-04-22 07:13:56.045
2021-04-22 07:13:57,5939001.0,5939001.0,2021-04-22 07:13:57.056
2021-04-22 07:13:58,5939001.0,5939001.0,2021-04-22 07:13:58.082
2021-04-22 07:13:59,5939001.0,5939001.0,2021-04-22 07:13:59.126
2021-04-22 07:14:00,5939001.0,5939001.0,2021-04-22 07:14:00.161
2021-04-22 07:14:01,5939001.0,5939001.0,2021-04-22 07:14:01.202
2021-04-22 07:14:02,5939001.0,5939001.0,2021-04-22 07:14:02.271
2021-04-22 07:14:03,5939001.0,5939001.0,2021-04-22 07:14:03.371
2021-04-22 07:14:04,5939001.0,5939001.0,2021-04-22 07:14:04.445
2021-04-22 07:14:05,5939001.0,5939001.0,2021-04-22 07:14:05.486
2021-04-22 07:14:06,5939001.0,5939001.0,2021-04-22 07:14:06.539
2021-04-22 07:14:07,5939001.0,5939001.0,2021-04-22 07:14:07.556
2021-04-22 07:14:08,5939001.0,5939001.0,2021-04-22 07:14:08.593
2021-04-22 07:14:09,5939001.0,5939001.0,2021-04-22 07:14:09.634
2021-04-22 07:14:10,5939001.0,5939001.0,2021-04-22 07:14:10.693
2021-04-22 07:14:11,5939001.0,5939001.0,2021-04-22 07:14:11.745
2021-04-22 07:14:12,5939001.0,5939001.0,2021-04-22 07:14:12.781
2021-04-22 07:14:13,5939001.0,5939001.0,2021-04-22 07:14:13.813
2021-04-22 07:14:14,5939001.0,5939001.0,2021-04-22 07:14:14.842
2021-04-22 07:14:15,5939001.0,5939001.0,2021-04-22 07:14:15.894
2021-04-22 07:14:17,5939001.0,5939001.0,2021-04-22 07:14:16.997
2021-04-22 07:14:18,5939001.0,5939001.0,2021-04-22 07:14:18.086
2021-04-22 07:14:19,5939001.0,5939001.0,2021-04-22 07:14:19.138
2021-04-22 07:14:20,5939001.0,5939001.0,2021-04-22 07:14:20.183
2021-04-22 07:14:21,5939001.0,5939001.0,2021-04-22 07:14:21.213
2021-04-22 07:14:22,5939001.0,5939001.0,2021-04-22 07:14:22.221
2021-04-22 07:14:23,5939001.0,5939001.0,2021-04-22 07:14:23.229
2021-04-22 07:14:24,5939001.0,5939001.0,2021-04-22 07:14:24.278
2021-04-22 07:14:25,5939001.0,5939001.0,2021-04-22 07:14:25.375
2021-04-22 07:14:26,5939001.0,5939001.0,2021-04-22 07:14:26.470
2021-04-22 07:14:27,5939001.0,5939001.0,2021-04-22 07:14:27.527
2021-04-22 07:14:28,5939001.0,5940557.0,2021-04-22 07:14:28.575
2021-04-22 07:14:29,5939001.0,5940557.0,2021-04-22 07:14:29.604
2021-04-22 07:14:30,5939001.0,5940557.0,2021-04-22 07:14:30.693
2021-04-22 07:14:31,5939001.0,5940557.0,2021-04-22 07:14:31.721
2021-04-22 07:14:32,5940749.0,5940557.0,2021-04-22 07:14:32.743
2021-04-22 07:14:33,5940749.0,5940557.0,2021-04-22 07:14:33.818
2021-04-22 07:14:34,5940749.0,5940557.0,2021-04-22 07:14:34.841
2021-04-22 07:14:35,5940749.0,5940557.0,2021-04-22 07:14:35.851
2021-04-22 07:14:36,5940749.0,5940557.0,2021-04-22 07:14:36.876
2021-04-22 07:14:37,5940749.0,5940557.0,2021-04-22 07:14:37.957
2021-04-22 07:14:38,5940749.0,5940557.0,2021-04-22 07:14:38.992
2021-04-22 07:14:40,5940749.0,5940557.0,2021-04-22 07:14:40.075
2021-04-22 07:14:41,5940749.0,5940557.0,2021-04-22 07:14:41.123
2021-04-22 07:14:42,5940749.0,5940557.0,2021-04-22 07:14:42.172
2021-04-22 07:14:43,5940749.0,5940557.0,2021-04-22 07:14:43.344
2021-04-22 07:14:44,5940749.0,5940557.0,2021-04-22 07:14:44.367
2021-04-22 07:14:45,5940749.0,5940557.0,2021-04-22 07:14:45.433
2021-04-22 07:14:46,5940749.0,5940557.0,2021-04-22 07:14:46.456
2021-04-22 07:14:47,5940749.0,5940557.0,2021-04-22 07:14:47.470
2021-04-22 07:14:48,5940749.0,5940557.0,2021-04-22 07:14:48.487
2021-04-22 07:14:49,5940749.0,5940557.0,2021-04-22 07:14:49.529
2021-04-22 07:14:50,5940749.0,5940557.0,2021-04-22 07:14:50.545
2021-04-22 07:14:51,5940749.0,5940557.0,2021-04-22 07:14:51.578
2021-04-22 07:14:52,5940749.0,5940557.0,2021-04-22 07:14:52.609
2021-04-22 07:14:53,5940749.0,5940557.0,2021-04-22 07:14:53.662
2021-04-22 07:14:54,5940749.0,5940557.0,2021-04-22 07:14:54.699
2021-04-22 07:14:55,5940749.0,5940557.0,2021-04-22 07:14:55.724
2021-04-22 07:14:56,5940749.0,5940557.0,2021-04-22 07:14:56.867
2021-04-22 07:14:57,5940749.0,5940557.0,2021-04-22 07:14:57.919
2021-04-22 07:14:58,5940749.0,5940557.0,2021-04-22 07:14:58.973
2021-04-22 07:15:00,5940749.0,5940557.0,2021-04-22 07:15:00.082
2021-04-22 07:15:01,5940749.0,5940557.0,2021-04-22 07:15:01.106
2021-04-22 07:15:02,5940749.0,5940557.0,2021-04-22 07:15:02.121
2021-04-22 07:15:03,5940749.0,5939865.0,2021-04-22 07:15:03.143
2021-04-22 07:15:04,5940749.0,5939865.0,2021-04-22 07:15:04.181
2021-04-22 07:15:05,5940749.0,5939865.0,2021-04-22 07:15:05.224
2021-04-22 07:15:06,5940749.0,5939865.0,2021-04-22 07:15:06.322
2021-04-22 07:15:07,5940749.0,5939865.0,2021-04-22 07:15:07.386
2021-04-22 07:15:08,5940749.0,5939865.0,2021-04-22 07:15:08.418
2021-04-22 07:15:09,5940749.0,5939865.0,2021-04-22 07:15:09.450
2021-04-22 07:15:10,5940749.0,5939865.0,2021-04-22 07:15:10.571
2021-04-22 07:15:11,5940749.0,5939865.0,2021-04-22 07:15:11.623
2021-04-22 07:15:12,5940749.0,5939865.0,2021-04-22 07:15:12.659
2021-04-22 07:15:13,5940749.0,5939865.0,2021-04-22 07:15:13.694
2021-04-22 07:15:14,5940749.0,5939865.0,2021-04-22 07:15:14.734
2021-04-22 07:15:15,5940749.0,5939865.0,2021-04-22 07:15:15.761
2021-04-22 07:15:16,5940749.0,5939865.0,2021-04-22 07:15:16.823
2021-04-22 07:15:18,5940749.0,5939003.0,2021-04-22 07:15:18.005
2021-04-22 07:15:19,5940749.0,5939003.0,2021-04-22 07:15:19.028
2021-04-22 07:15:20,5940749.0,5939003.0,2021-04-22 07:15:20.075
2021-04-22 07:15:21,5940749.0,5939003.0,2021-04-22 07:15:21.098
2021-04-22 07:15:22,5940749.0,5939003.0,2021-04-22 07:15:22.119
2021-04-22 07:15:23,5940749.0,5939003.0,2021-04-22 07:15:23.166
2021-04-22 07:15:24,5940749.0,5939003.0,2021-04-22 07:15:24.222
2021-04-22 07:15:25,5940453.0,5939003.0,2021-04-22 07:15:25.229
2021-04-22 07:15:26,5940453.0,5939003.0,2021-04-22 07:15:26.298
2021-04-22 07:15:27,5940453.0,5939003.0,2021-04-22 07:15:27.391
2021-04-22 07:15:28,5940453.0,5939003.0,2021-04-22 07:15:28.423
2021-04-22 07:15:29,5940453.0,5939003.0,2021-04-22 07:15:29.473
2021-04-22 07:15:30,5940453.0,5939003.0,2021-04-22 07:15:30.521
2021-04-22 07:15:31,5940453.0,5939003.0,2021-04-22 07:15:31.602
2021-04-22 07:15:32,5941556.0,5939003.0,2021-04-22 07:15:32.631
2021-04-22 07:15:33,5941556.0,5939003.0,2021-04-22 07:15:33.671
2021-04-22 07:15:34,5941556.0,5939003.0,2021-04-22 07:15:34.710
2021-04-22 07:15:35,5941556.0,5939003.0,2021-04-22 07:15:35.740
2021-04-22 07:15:36,5941556.0,5939003.0,2021-04-22 07:15:36.762
2021-04-22 07:15:37,5941556.0,5939003.0,2021-04-22 07:15:37.775
2021-04-22 07:15:39,5941556.0,5941557.0,2021-04-22 07:15:39.566
2021-04-22 07:15:40,5941556.0,5941557.0,2021-04-22 07:15:40.618
2021-04-22 07:15:41,5941556.0,5941557.0,2021-04-22 07:15:41.642
2021-04-22 07:15:42,5941556.0,5941557.0,2021-04-22 07:15:42.689
2021-04-22 07:15:43,5941556.0,5941557.0,2021-04-22 07:15:43.697
2021-04-22 07:15:44,5941556.0,5941557.0,2021-04-22 07:15:44.708
2021-04-22 07:15:45,5941556.0,5941557.0,2021-04-22 07:15:45.738
2021-04-22 07:15:46,5941556.0,5941557.0,2021-04-22 07:15:46.784
2021-04-22 07:15:47,5942083.0,5941557.0,2021-04-22 07:15:47.803
2021-04-22 07:15:48,5942083.0,5941557.0,2021-04-22 07:15:48.872
2021-04-22 07:15:49,5942083.0,5941557.0,2021-04-22 07:15:49.886
2021-04-22 07:15:50,5942083.0,5941557.0,2021-04-22 07:15:50.928
2021-04-22 07:15:51,5942083.0,5944070.0,2021-04-22 07:15:51.938
2021-04-22 07:15:52,5942083.0,5944070.0,2021-04-22 07:15:52.989
2021-04-22 07:15:54,5942083.0,5944070.0,2021-04-22 07:15:54.014
2021-04-22 07:15:55,5942083.0,5944070.0,2021-04-22 07:15:55.056
2021-04-22 07:15:56,5942083.0,5944070.0,2021-04-22 07:15:56.075
2021-04-22 07:15:57,5942083.0,5944070.0,2021-04-22 07:15:57.147
2021-04-22 07:15:58,5942083.0,5944070.0,2021-04-22 07:15:58.194
2021-04-22 07:15:59,5942083.0,5944070.0,2021-04-22 07:15:59.300
2021-04-22 07:16:00,5942083.0,5944070.0,2021-04-22 07:16:00.313
2021-04-22 07:16:01,5942083.0,5944070.0,2021-04-22 07:16:01.321
2021-04-22 07:16:02,5943141.0,5943397.0,2021-04-22 07:16:02.369
2021-04-22 07:16:03,5943141.0,5943397.0,2021-04-22 07:16:03.406
2021-04-22 07:16:04,5943141.0,5943397.0,2021-04-22 07:16:04.574
2021-04-22 07:16:05,5943141.0,5943397.0,2021-04-22 07:16:05.597
2021-04-22 07:16:06,5943141.0,5943397.0,2021-04-22 07:16:06.619
2021-04-22 07:16:07,5943141.0,5943397.0,2021-04-22 07:16:07.655
2021-04-22 07:16:08,5943141.0,5943397.0,2021-04-22 07:16:08.690
2021-04-22 07:16:09,5943141.0,5943397.0,2021-04-22 07:16:09.766
2021-04-22 07:16:10,5943141.0,5943397.0,2021-04-22 07:16:10.782
2021-04-22 07:16:11,5943141.0,5944542.0,2021-04-22 07:16:11.809
2021-04-22 07:16:12,5943141.0,5944542.0,2021-04-22 07:16:12.816
2021-04-22 07:16:13,5943141.0,5944542.0,2021-04-22 07:16:13.830
2021-04-22 07:16:14,5943141.0,5944542.0,2021-04-22 07:16:14.850
2021-04-22 07:16:15,5943141.0,5944542.0,2021-04-22 07:16:15.874
2021-04-22 07:16:16,5943141.0,5944542.0,2021-04-22 07:16:16.896
2021-04-22 07:16:17,5943232.0,5943719.0,2021-04-22 07:16:17.903
2021-04-22 07:16:19,5943232.0,5943719.0,2021-04-22 07:16:19.030
2021-04-22 07:16:20,5943232.0,5943719.0,2021-04-22 07:16:20.091
2021-04-22 07:16:21,5943232.0,5943719.0,2021-04-22 07:16:21.125
2021-04-22 07:16:22,5943232.0,5943719.0,2021-04-22 07:16:22.277
2021-04-22 07:16:23,5943232.0,5943719.0,2021-04-22 07:16:23.299
2021-04-22 07:16:24,5943232.0,5943719.0,2021-04-22 07:16:24.348
2021-04-22 07:16:25,5943232.0,5943719.0,2021-04-22 07:16:25.373
2021-04-22 07:16:26,5943232.0,5943719.0,2021-04-22 07:16:26.589
2021-04-22 07:16:27,5943232.0,5943719.0,2021-04-22 07:16:27.594
2021-04-22 07:16:28,5943232.0,5943719.0,2021-04-22 07:16:28.609
2021-04-22 07:16:29,5943232.0,5943719.0,2021-04-22 07:16:29.641
2021-04-22 07:16:30,5943232.0,5943719.0,2021-04-22 07:16:30.685
2021-04-22 07:16:31,5943232.0,5945688.0,2021-04-22 07:16:31.733
2021-04-22 07:16:32,5945128.0,5945688.0,2021-04-22 07:16:32.766
2021-04-22 07:16:33,5945128.0,5945688.0,2021-04-22 07:16:33.837
2021-04-22 07:16:35,5945128.0,5945688.0,2021-04-22 07:16:35.031
2021-04-22 07:16:36,5945128.0,5945688.0,2021-04-22 07:16:36.099
2021-04-22 07:16:37,5945128.0,5945688.0,2021-04-22 07:16:37.152
2021-04-22 07:16:38,5945128.0,5945688.0,2021-04-22 07:16:38.210
2021-04-22 07:16:39,5945128.0,5945688.0,2021-04-22 07:16:39.216
2021-04-22 07:16:40,5945128.0,5945688.0,2021-04-22 07:16:40.231
2021-04-22 07:16:41,5945128.0,5945688.0,2021-04-22 07:16:41.266
2021-04-22 07:16:42,5945128.0,5945688.0,2021-04-22 07:16:42.286
2021-04-22 07:16:43,5945128.0,5945688.0,2021-04-22 07:16:43.304
2021-04-22 07:16:44,5945128.0,5945688.0,2021-04-22 07:16:44.318
2021-04-22 07:16:45,5945128.0,5945688.0,2021-04-22 07:16:45.334
2021-04-22 07:16:46,5945128.0,5946863.0,2021-04-22 07:16:46.413
2021-04-22 07:16:47,5946243.0,5946771.0,2021-04-22 07:16:47.448
2021-04-22 07:16:49,5946243.0,5946771.0,2021-04-22 07:16:49.221
2021-04-22 07:16:50,5946243.0,5946771.0,2021-04-22 07:16:50.250
2021-04-22 07:16:51,5946243.0,5946771.0,2021-04-22 07:16:51.297
2021-04-22 07:16:52,5946243.0,5946771.0,2021-04-22 07:16:52.554
2021-04-22 07:16:53,5946243.0,5946771.0,2021-04-22 07:16:53.594
2021-04-22 07:16:54,5946243.0,5946771.0,2021-04-22 07:16:54.638
2021-04-22 07:16:55,5946243.0,5946771.0,2021-04-22 07:16:55.716
2021-04-22 07:16:56,5946243.0,5946771.0,2021-04-22 07:16:56.762
2021-04-22 07:16:57,5946243.0,5946771.0,2021-04-22 07:16:57.797
2021-04-22 07:16:58,5946243.0,5946771.0,2021-04-22 07:16:58.812
2021-04-22 07:16:59,5946243.0,5946771.0,2021-04-22 07:16:59.922
2021-04-22 07:17:00,5946243.0,5946771.0,2021-04-22 07:17:00.953
2021-04-22 07:17:01,5946243.0,5947154.0,2021-04-22 07:17:01.987
2021-04-22 07:17:03,5947138.0,5947154.0,2021-04-22 07:17:03.003
2021-04-22 07:17:04,5947138.0,5947154.0,2021-04-22 07:17:04.022
2021-04-22 07:17:05,5947138.0,5947154.0,2021-04-22 07:17:05.081
2021-04-22 07:17:06,5947138.0,5947154.0,2021-04-22 07:17:06.097
2021-04-22 07:17:07,5947138.0,5947154.0,2021-04-22 07:17:07.136
2021-04-22 07:17:08,5947138.0,5947154.0,2021-04-22 07:17:08.160
2021-04-22 07:17:09,5947138.0,5947154.0,2021-04-22 07:17:09.185
2021-04-22 07:17:10,5947138.0,5947154.0,2021-04-22 07:17:10.202
2021-04-22 07:17:11,5947138.0,5947154.0,2021-04-22 07:17:11.323
2021-04-22 07:17:12,5947138.0,5947154.0,2021-04-22 07:17:12.336
2021-04-22 07:17:13,5947138.0,5947154.0,2021-04-22 07:17:13.371
2021-04-22 07:17:14,5947138.0,5947154.0,2021-04-22 07:17:14.383
2021-04-22 07:17:15,5947138.0,5947154.0,2021-04-22 07:17:15.448
2021-04-22 07:17:16,5947138.0,5947154.0,2021-04-22 07:17:16.473
2021-04-22 07:17:17,5947504.0,5947154.0,2021-04-22 07:17:17.489
2021-04-22 07:17:18,5947504.0,5947154.0,2021-04-22 07:17:18.545
2021-04-22 07:17:19,5947504.0,5947154.0,2021-04-22 07:17:19.691
2021-04-22 07:17:20,5947504.0,5947154.0,2021-04-22 07:17:20.737
2021-04-22 07:17:21,5947504.0,5947154.0,2021-04-22 07:17:21.787
2021-04-22 07:17:22,5947504.0,5947154.0,2021-04-22 07:17:22.815
2021-04-22 07:17:23,5947504.0,5947154.0,2021-04-22 07:17:23.837
2021-04-22 07:17:24,5947504.0,5947154.0,2021-04-22 07:17:24.859
2021-04-22 07:17:25,5947504.0,5947154.0,2021-04-22 07:17:25.893
2021-04-22 07:17:26,5947504.0,5947154.0,2021-04-22 07:17:26.916
2021-04-22 07:17:27,5947504.0,5947154.0,2021-04-22 07:17:27.929
2021-04-22 07:17:28,5947504.0,5947154.0,2021-04-22 07:17:28.954
2021-04-22 07:17:29,5947504.0,5947154.0,2021-04-22 07:17:29.973
2021-04-22 07:17:31,5947504.0,5947154.0,2021-04-22 07:17:31.048
2021-04-22 07:17:32,5947504.0,5947154.0,2021-04-22 07:17:32.064
2021-04-22 07:17:33,5947504.0,5946493.0,2021-04-22 07:17:33.129
2021-04-22 07:17:34,5947504.0,5946493.0,2021-04-22 07:17:34.141
2021-04-22 07:17:35,5947504.0,5946493.0,2021-04-22 07:17:35.174
2021-04-22 07:17:36,5947504.0,5946493.0,2021-04-22 07:17:36.185
2021-04-22 07:17:37,5947504.0,5946493.0,2021-04-22 07:17:37.196
2021-04-22 07:17:38,5947504.0,5946493.0,2021-04-22 07:17:38.215
2021-04-22 07:17:39,5947504.0,5946493.0,2021-04-22 07:17:39.234
2021-04-22 07:17:40,5947504.0,5946493.0,2021-04-22 07:17:40.260
2021-04-22 07:17:41,5947504.0,5946493.0,2021-04-22 07:17:41.305
2021-04-22 07:17:42,5947504.0,5946493.0,2021-04-22 07:17:42.320
2021-04-22 07:17:43,5947504.0,5948000.0,2021-04-22 07:17:43.438
2021-04-22 07:17:44,5947504.0,5948000.0,2021-04-22 07:17:44.459
2021-04-22 07:17:45,5947504.0,5948000.0,2021-04-22 07:17:45.492
2021-04-22 07:17:46,5947504.0,5948000.0,2021-04-22 07:17:46.603
2021-04-22 07:17:47,5947999.0,5948000.0,2021-04-22 07:17:47.618
2021-04-22 07:17:48,5947999.0,5948000.0,2021-04-22 07:17:48.707
2021-04-22 07:17:49,5947999.0,5948000.0,2021-04-22 07:17:49.732
2021-04-22 07:17:50,5947999.0,5948000.0,2021-04-22 07:17:50.750
2021-04-22 07:17:51,5947999.0,5948000.0,2021-04-22 07:17:51.963
2021-04-22 07:17:53,5947999.0,5948000.0,2021-04-22 07:17:53.007
2021-04-22 07:17:54,5947999.0,5948000.0,2021-04-22 07:17:54.059
2021-04-22 07:17:55,5947999.0,5948000.0,2021-04-22 07:17:55.105
2021-04-22 07:17:56,5947999.0,5948000.0,2021-04-22 07:17:56.120
2021-04-22 07:17:57,5947999.0,5948000.0,2021-04-22 07:17:57.257
2021-04-22 07:17:58,5947999.0,5948000.0,2021-04-22 07:17:58.360
2021-04-22 07:17:59,5947999.0,5948000.0,2021-04-22 07:17:59.382
2021-04-22 07:18:00,5947999.0,5948000.0,2021-04-22 07:18:00.428
2021-04-22 07:18:01,5947999.0,5948000.0,2021-04-22 07:18:01.534
2021-04-22 07:18:02,5947999.0,5948000.0,2021-04-22 07:18:02.592
2021-04-22 07:18:03,5947999.0,5948000.0,2021-04-22 07:18:03.612
2021-04-22 07:18:04,5947999.0,5948000.0,2021-04-22 07:18:04.630
2021-04-22 07:18:05,5947999.0,5948000.0,2021-04-22 07:18:05.647
2021-04-22 07:18:06,5947999.0,5948000.0,2021-04-22 07:18:06.701
2021-04-22 07:18:07,5947999.0,5948000.0,2021-04-22 07:18:07.747
2021-04-22 07:18:08,5947999.0,5950235.0,2021-04-22 07:18:08.871
2021-04-22 07:18:09,5947999.0,5950235.0,2021-04-22 07:18:09.880
2021-04-22 07:18:10,5947999.0,5950235.0,2021-04-22 07:18:10.889
2021-04-22 07:18:11,5947999.0,5950235.0,2021-04-22 07:18:11.917
2021-04-22 07:18:12,5947999.0,5950235.0,2021-04-22 07:18:12.928
2021-04-22 07:18:14,5947999.0,5950235.0,2021-04-22 07:18:14.060
2021-04-22 07:18:15,5947999.0,5950235.0,2021-04-22 07:18:15.084
2021-04-22 07:18:16,5947999.0,5950235.0,2021-04-22 07:18:16.114
2021-04-22 07:18:17,5947999.0,5950235.0,2021-04-22 07:18:17.154
2021-04-22 07:18:18,5949999.0,5950235.0,2021-04-22 07:18:18.207
2021-04-22 07:18:19,5949999.0,5950235.0,2021-04-22 07:18:19.338
2021-04-22 07:18:20,5949999.0,5950235.0,2021-04-22 07:18:20.357
2021-04-22 07:18:21,5949999.0,5950235.0,2021-04-22 07:18:21.377
2021-04-22 07:18:22,5949999.0,5950235.0,2021-04-22 07:18:22.465
2021-04-22 07:18:23,5949999.0,5950235.0,2021-04-22 07:18:23.490
2021-04-22 07:18:24,5949999.0,5950235.0,2021-04-22 07:18:24.523
2021-04-22 07:18:25,5949999.0,5950235.0,2021-04-22 07:18:25.555
2021-04-22 07:18:26,5949999.0,5950235.0,2021-04-22 07:18:26.598
2021-04-22 07:18:27,5949999.0,5950235.0,2021-04-22 07:18:27.630
2021-04-22 07:18:28,5949999.0,5950235.0,2021-04-22 07:18:28.661
2021-04-22 07:18:29,5949999.0,5950235.0,2021-04-22 07:18:29.694
2021-04-22 07:18:30,5949999.0,5950235.0,2021-04-22 07:18:30.790
2021-04-22 07:18:31,5949999.0,5950235.0,2021-04-22 07:18:31.979
2021-04-22 07:18:32,5949999.0,5950000.0,2021-04-22 07:18:32.991
2021-04-22 07:18:34,5949999.0,5950000.0,2021-04-22 07:18:34.003
2021-04-22 07:18:35,5949999.0,5950000.0,2021-04-22 07:18:35.066
2021-04-22 07:18:36,5949999.0,5950000.0,2021-04-22 07:18:36.093
2021-04-22 07:18:37,5949999.0,5950000.0,2021-04-22 07:18:37.132
2021-04-22 07:18:38,5949999.0,5950000.0,2021-04-22 07:18:38.223
2021-04-22 07:18:39,5949999.0,5950000.0,2021-04-22 07:18:39.243
2021-04-22 07:18:40,5949999.0,5950000.0,2021-04-22 07:18:40.280
2021-04-22 07:18:41,5949999.0,5950000.0,2021-04-22 07:18:41.443
2021-04-22 07:18:42,5949999.0,5950000.0,2021-04-22 07:18:42.463
2021-04-22 07:18:43,5949999.0,5950000.0,2021-04-22 07:18:43.479
2021-04-22 07:18:44,5949999.0,5950000.0,2021-04-22 07:18:44.492
2021-04-22 07:18:46,5949999.0,5950000.0,2021-04-22 07:18:46.235
2021-04-22 07:18:47,5949999.0,5950000.0,2021-04-22 07:18:47.364
2021-04-22 07:18:48,5949999.0,5950000.0,2021-04-22 07:18:48.446
2021-04-22 07:18:49,5949999.0,5950000.0,2021-04-22 07:18:49.523
2021-04-22 07:18:50,5949999.0,5952157.0,2021-04-22 07:18:50.565
2021-04-22 07:18:51,5949999.0,5952157.0,2021-04-22 07:18:51.571
2021-04-22 07:18:52,5949999.0,5952157.0,2021-04-22 07:18:52.601
2021-04-22 07:18:53,5949999.0,5952157.0,2021-04-22 07:18:53.625
2021-04-22 07:18:54,5949999.0,5952157.0,2021-04-22 07:18:54.685
2021-04-22 07:18:55,5949999.0,5952157.0,2021-04-22 07:18:55.727
2021-04-22 07:18:56,5949999.0,5952157.0,2021-04-22 07:18:56.769
2021-04-22 07:18:57,5949999.0,5952157.0,2021-04-22 07:18:57.793
2021-04-22 07:18:58,5949999.0,5952157.0,2021-04-22 07:18:58.813
2021-04-22 07:18:59,5949999.0,5952157.0,2021-04-22 07:18:59.878
2021-04-22 07:19:00,5949999.0,5952157.0,2021-04-22 07:19:00.950
2021-04-22 07:19:01,5949999.0,5952157.0,2021-04-22 07:19:01.978
2021-04-22 07:19:03,5949999.0,5950000.0,2021-04-22 07:19:03.033
2021-04-22 07:19:04,5949999.0,5950000.0,2021-04-22 07:19:04.074
2021-04-22 07:19:05,5949999.0,5950000.0,2021-04-22 07:19:05.112
2021-04-22 07:19:06,5949999.0,5950000.0,2021-04-22 07:19:06.127
2021-04-22 07:19:07,5949999.0,5950000.0,2021-04-22 07:19:07.153
2021-04-22 07:19:08,5949999.0,5950000.0,2021-04-22 07:19:08.217
2021-04-22 07:19:09,5949999.0,5950000.0,2021-04-22 07:19:09.230
2021-04-22 07:19:10,5949999.0,5950000.0,2021-04-22 07:19:10.244
2021-04-22 07:19:11,5949999.0,5950000.0,2021-04-22 07:19:11.257
2021-04-22 07:19:12,5949999.0,5950000.0,2021-04-22 07:19:12.268
2021-04-22 07:19:13,5949999.0,5950000.0,2021-04-22 07:19:13.301
2021-04-22 07:19:14,5949999.0,5950000.0,2021-04-22 07:19:14.316
2021-04-22 07:19:15,5949999.0,5950000.0,2021-04-22 07:19:15.445
2021-04-22 07:19:16,5949999.0,5950000.0,2021-04-22 07:19:16.479
2021-04-22 07:19:17,5951768.0,5950000.0,2021-04-22 07:19:17.502
2021-04-22 07:19:18,5951768.0,5950000.0,2021-04-22 07:19:18.532
2021-04-22 07:19:19,5951768.0,5950000.0,2021-04-22 07:19:19.614
2021-04-22 07:19:20,5951768.0,5950000.0,2021-04-22 07:19:20.631
2021-04-22 07:19:21,5951768.0,5950000.0,2021-04-22 07:19:21.677
2021-04-22 07:19:22,5951768.0,5953300.0,2021-04-22 07:19:22.691
2021-04-22 07:19:23,5951768.0,5953300.0,2021-04-22 07:19:23.714
2021-04-22 07:19:24,5951768.0,5953300.0,2021-04-22 07:19:24.739
2021-04-22 07:19:25,5951768.0,5953300.0,2021-04-22 07:19:25.754
2021-04-22 07:19:26,5951768.0,5953300.0,2021-04-22 07:19:26.790
2021-04-22 07:19:27,5951768.0,5953389.0,2021-04-22 07:19:27.799
2021-04-22 07:19:29,5951768.0,5953389.0,2021-04-22 07:19:29.074
2021-04-22 07:19:30,5951768.0,5953389.0,2021-04-22 07:19:30.110
2021-04-22 07:19:31,5951768.0,5953389.0,2021-04-22 07:19:31.127
2021-04-22 07:19:32,5951768.0,5953389.0,2021-04-22 07:19:32.140
2021-04-22 07:19:33,5953332.0,5953389.0,2021-04-22 07:19:33.152
2021-04-22 07:19:34,5953332.0,5953389.0,2021-04-22 07:19:34.286
2021-04-22 07:19:35,5953332.0,5953389.0,2021-04-22 07:19:35.307
2021-04-22 07:19:36,5953332.0,5953389.0,2021-04-22 07:19:36.400
2021-04-22 07:19:37,5953332.0,5953389.0,2021-04-22 07:19:37.569
2021-04-22 07:19:38,5953332.0,5953389.0,2021-04-22 07:19:38.596
2021-04-22 07:19:39,5953332.0,5953389.0,2021-04-22 07:19:39.614
2021-04-22 07:19:40,5953332.0,5953389.0,2021-04-22 07:19:40.641
2021-04-22 07:19:41,5953332.0,5953389.0,2021-04-22 07:19:41.826
2021-04-22 07:19:42,5953332.0,5954233.0,2021-04-22 07:19:42.860
2021-04-22 07:19:43,5953332.0,5954233.0,2021-04-22 07:19:43.900
2021-04-22 07:19:44,5953332.0,5954233.0,2021-04-22 07:19:44.996
2021-04-22 07:19:46,5953332.0,5954233.0,2021-04-22 07:19:46.042
2021-04-22 07:19:47,5953332.0,5954233.0,2021-04-22 07:19:47.127
2021-04-22 07:19:48,5954232.0,5954233.0,2021-04-22 07:19:48.188
2021-04-22 07:19:49,5954232.0,5954233.0,2021-04-22 07:19:49.215
2021-04-22 07:19:50,5954232.0,5954233.0,2021-04-22 07:19:50.234
2021-04-22 07:19:51,5954232.0,5954233.0,2021-04-22 07:19:51.251
2021-04-22 07:19:52,5954232.0,5954233.0,2021-04-22 07:19:52.307
2021-04-22 07:19:53,5954232.0,5954233.0,2021-04-22 07:19:53.332
2021-04-22 07:19:54,5954232.0,5954233.0,2021-04-22 07:19:54.366
2021-04-22 07:19:55,5954232.0,5954233.0,2021-04-22 07:19:55.407
2021-04-22 07:19:56,5954232.0,5954233.0,2021-04-22 07:19:56.459
2021-04-22 07:19:57,5954232.0,5954233.0,2021-04-22 07:19:57.505
2021-04-22 07:19:58,5954232.0,5954233.0,2021-04-22 07:19:58.514
2021-04-22 07:19:59,5954232.0,5954233.0,2021-04-22 07:19:59.527
2021-04-22 07:20:00,5954232.0,5954233.0,2021-04-22 07:20:00.552
2021-04-22 07:20:01,5954232.0,5954233.0,2021-04-22 07:20:01.568
2021-04-22 07:20:02,5954232.0,5954233.0,2021-04-22 07:20:02.650
2021-04-22 07:20:03,5954232.0,5954233.0,2021-04-22 07:20:03.675
2021-04-22 07:20:04,5954232.0,5954233.0,2021-04-22 07:20:04.693
2021-04-22 07:20:05,5954232.0,5954233.0,2021-04-22 07:20:05.721
2021-04-22 07:20:06,5954232.0,5954233.0,2021-04-22 07:20:06.757
2021-04-22 07:20:07,5954232.0,5954233.0,2021-04-22 07:20:07.806
2021-04-22 07:20:08,5954232.0,5954233.0,2021-04-22 07:20:08.868
2021-04-22 07:20:09,5954232.0,5954233.0,2021-04-22 07:20:09.884
2021-04-22 07:20:10,5954232.0,5954233.0,2021-04-22 07:20:10.933
2021-04-22 07:20:12,5954232.0,5954233.0,2021-04-22 07:20:12.082
2021-04-22 07:20:13,5954232.0,5954233.0,2021-04-22 07:20:13.156
2021-04-22 07:20:14,5954232.0,5954233.0,2021-04-22 07:20:14.174
2021-04-22 07:20:15,5954232.0,5954233.0,2021-04-22 07:20:15.352
2021-04-22 07:20:16,5954232.0,5954233.0,2021-04-22 07:20:16.383
2021-04-22 07:20:17,5954235.0,5954240.0,2021-04-22 07:20:17.420
2021-04-22 07:20:18,5954235.0,5954240.0,2021-04-22 07:20:18.448
2021-04-22 07:20:19,5954235.0,5954240.0,2021-04-22 07:20:19.487
2021-04-22 07:20:20,5954235.0,5954365.0,2021-04-22 07:20:20.530
2021-04-22 07:20:21,5954235.0,5954365.0,2021-04-22 07:20:21.550
2021-04-22 07:20:22,5954235.0,5954365.0,2021-04-22 07:20:22.584
2021-04-22 07:20:23,5954235.0,5954365.0,2021-04-22 07:20:23.669
2021-04-22 07:20:24,5954235.0,5954365.0,2021-04-22 07:20:24.754
2021-04-22 07:20:25,5954235.0,5954365.0,2021-04-22 07:20:25.804
2021-04-22 07:20:26,5954235.0,5954365.0,2021-04-22 07:20:26.837
2021-04-22 07:20:27,5954235.0,5954365.0,2021-04-22 07:20:27.865
2021-04-22 07:20:28,5954235.0,5954365.0,2021-04-22 07:20:28.916
2021-04-22 07:20:29,5954235.0,5954365.0,2021-04-22 07:20:29.950
2021-04-22 07:20:30,5954235.0,5954365.0,2021-04-22 07:20:30.978
2021-04-22 07:20:32,5954235.0,5954365.0,2021-04-22 07:20:32.024
2021-04-22 07:20:33,5955003.0,5954365.0,2021-04-22 07:20:33.233
2021-04-22 07:20:34,5955003.0,5954365.0,2021-04-22 07:20:34.293
2021-04-22 07:20:35,5955003.0,5954365.0,2021-04-22 07:20:35.313
2021-04-22 07:20:36,5955003.0,5954365.0,2021-04-22 07:20:36.355
2021-04-22 07:20:37,5955003.0,5954365.0,2021-04-22 07:20:37.376
2021-04-22 07:20:38,5955003.0,5954365.0,2021-04-22 07:20:38.387
2021-04-22 07:20:39,5955003.0,5954365.0,2021-04-22 07:20:39.459
2021-04-22 07:20:40,5955003.0,5954365.0,2021-04-22 07:20:40.578
2021-04-22 07:20:41,5955003.0,5954365.0,2021-04-22 07:20:41.628
2021-04-22 07:20:42,5955003.0,5954365.0,2021-04-22 07:20:42.656
2021-04-22 07:20:43,5955003.0,5954365.0,2021-04-22 07:20:43.687
2021-04-22 07:20:44,5955003.0,5954365.0,2021-04-22 07:20:44.743
2021-04-22 07:20:45,5955003.0,5954365.0,2021-04-22 07:20:45.852
2021-04-22 07:20:46,5955003.0,5954365.0,2021-04-22 07:20:46.904
2021-04-22 07:20:47,5955003.0,5955018.0,2021-04-22 07:20:47.915
2021-04-22 07:20:48,5955003.0,5955018.0,2021-04-22 07:20:48.948
2021-04-22 07:20:50,5955003.0,5955018.0,2021-04-22 07:20:50.017
2021-04-22 07:20:51,5955003.0,5955018.0,2021-04-22 07:20:51.095
2021-04-22 07:20:52,5955003.0,5955018.0,2021-04-22 07:20:52.235
2021-04-22 07:20:53,5955003.0,5955018.0,2021-04-22 07:20:53.251
2021-04-22 07:20:54,5955003.0,5955018.0,2021-04-22 07:20:54.351
2021-04-22 07:20:55,5955003.0,5955018.0,2021-04-22 07:20:55.381
2021-04-22 07:20:56,5955003.0,5955018.0,2021-04-22 07:20:56.396
2021-04-22 07:20:57,5955003.0,5955018.0,2021-04-22 07:20:57.427
2021-04-22 07:20:59,5955003.0,5955018.0,2021-04-22 07:20:59.151
2021-04-22 07:21:00,5955003.0,5955018.0,2021-04-22 07:21:00.161
2021-04-22 07:21:01,5955003.0,5955018.0,2021-04-22 07:21:01.275
2021-04-22 07:21:02,5955003.0,5955004.0,2021-04-22 07:21:02.384
2021-04-22 07:21:03,5955003.0,5955004.0,2021-04-22 07:21:03.428
2021-04-22 07:21:04,5955003.0,5955004.0,2021-04-22 07:21:04.504
2021-04-22 07:21:05,5955003.0,5955004.0,2021-04-22 07:21:05.516
2021-04-22 07:21:06,5955003.0,5955004.0,2021-04-22 07:21:06.545
2021-04-22 07:21:07,5955003.0,5955004.0,2021-04-22 07:21:07.641
2021-04-22 07:21:08,5955003.0,5955004.0,2021-04-22 07:21:08.681
2021-04-22 07:21:09,5955003.0,5955004.0,2021-04-22 07:21:09.738
2021-04-22 07:21:10,5955003.0,5955004.0,2021-04-22 07:21:10.788
2021-04-22 07:21:11,5955003.0,5955004.0,2021-04-22 07:21:11.808
2021-04-22 07:21:12,5955003.0,5955004.0,2021-04-22 07:21:12.847
2021-04-22 07:21:13,5955003.0,5955004.0,2021-04-22 07:21:13.896
2021-04-22 07:21:14,5955003.0,5955004.0,2021-04-22 07:21:14.913
2021-04-22 07:21:15,5955003.0,5955004.0,2021-04-22 07:21:15.963
2021-04-22 07:21:16,5955003.0,5955004.0,2021-04-22 07:21:16.974
2021-04-22 07:21:17,5955003.0,5954246.0,2021-04-22 07:21:17.989
2021-04-22 07:21:19,5955003.0,5954246.0,2021-04-22 07:21:19.004
2021-04-22 07:21:20,5955003.0,5954246.0,2021-04-22 07:21:20.103
2021-04-22 07:21:21,5955003.0,5954246.0,2021-04-22 07:21:21.140
2021-04-22 07:21:22,5955003.0,5954246.0,2021-04-22 07:21:22.204
2021-04-22 07:21:23,5955003.0,5954246.0,2021-04-22 07:21:23.309
2021-04-22 07:21:24,5955003.0,5954246.0,2021-04-22 07:21:24.394
2021-04-22 07:21:25,5955003.0,5954246.0,2021-04-22 07:21:25.548
2021-04-22 07:21:26,5955003.0,5954246.0,2021-04-22 07:21:26.578
2021-04-22 07:21:27,5955003.0,5954246.0,2021-04-22 07:21:27.602
2021-04-22 07:21:28,5955003.0,5954246.0,2021-04-22 07:21:28.766
2021-04-22 07:21:29,5955003.0,5954246.0,2021-04-22 07:21:29.786
2021-04-22 07:21:30,5955003.0,5954246.0,2021-04-22 07:21:30.798
2021-04-22 07:21:31,5955003.0,5954246.0,2021-04-22 07:21:31.807
2021-04-22 07:21:32,5954240.0,5954246.0,2021-04-22 07:21:32.848
2021-04-22 07:21:33,5954240.0,5954246.0,2021-04-22 07:21:33.887
2021-04-22 07:21:34,5954240.0,5954246.0,2021-04-22 07:21:34.966
2021-04-22 07:21:35,5954240.0,5954246.0,2021-04-22 07:21:35.981
2021-04-22 07:21:37,5954240.0,5954246.0,2021-04-22 07:21:37.021
2021-04-22 07:21:38,5954240.0,5954246.0,2021-04-22 07:21:38.140
2021-04-22 07:21:39,5954240.0,5954246.0,2021-04-22 07:21:39.181
2021-04-22 07:21:40,5954240.0,5954246.0,2021-04-22 07:21:40.199
2021-04-22 07:21:41,5954240.0,5954246.0,2021-04-22 07:21:41.212
2021-04-22 07:21:42,5954240.0,5954246.0,2021-04-22 07:21:42.268
2021-04-22 07:21:43,5954240.0,5954246.0,2021-04-22 07:21:43.385
2021-04-22 07:21:44,5954240.0,5954246.0,2021-04-22 07:21:44.459
2021-04-22 07:21:45,5954240.0,5954246.0,2021-04-22 07:21:45.486
2021-04-22 07:21:46,5954240.0,5954246.0,2021-04-22 07:21:46.498
2021-04-22 07:21:47,5954240.0,5954241.0,2021-04-22 07:21:47.511
2021-04-22 07:21:48,5954240.0,5954241.0,2021-04-22 07:21:48.538
2021-04-22 07:21:49,5954240.0,5954241.0,2021-04-22 07:21:49.593
2021-04-22 07:21:50,5954240.0,5954241.0,2021-04-22 07:21:50.605
2021-04-22 07:21:51,5954240.0,5954241.0,2021-04-22 07:21:51.631
2021-04-22 07:21:52,5954240.0,5954241.0,2021-04-22 07:21:52.652
2021-04-22 07:21:53,5954240.0,5954241.0,2021-04-22 07:21:53.738
2021-04-22 07:21:54,5954240.0,5954241.0,2021-04-22 07:21:54.773
2021-04-22 07:21:55,5954240.0,5954241.0,2021-04-22 07:21:55.850
2021-04-22 07:21:56,5954240.0,5954241.0,2021-04-22 07:21:56.880
2021-04-22 07:21:57,5954240.0,5954241.0,2021-04-22 07:21:57.922
2021-04-22 07:21:58,5954240.0,5954241.0,2021-04-22 07:21:58.944
2021-04-22 07:21:59,5954240.0,5954241.0,2021-04-22 07:21:59.960
2021-04-22 07:22:00,5954240.0,5954241.0,2021-04-22 07:22:00.984
2021-04-22 07:22:02,5954240.0,5954241.0,2021-04-22 07:22:02.035
2021-04-22 07:22:03,5954240.0,5954241.0,2021-04-22 07:22:03.108
2021-04-22 07:22:04,5954240.0,5954241.0,2021-04-22 07:22:04.121
2021-04-22 07:22:05,5954240.0,5954241.0,2021-04-22 07:22:05.147
2021-04-22 07:22:06,5954240.0,5954241.0,2021-04-22 07:22:06.172
2021-04-22 07:22:07,5954240.0,5954241.0,2021-04-22 07:22:07.187
2021-04-22 07:22:08,5954240.0,5954241.0,2021-04-22 07:22:08.231
2021-04-22 07:22:09,5954240.0,5954241.0,2021-04-22 07:22:09.256
2021-04-22 07:22:10,5954240.0,5954241.0,2021-04-22 07:22:10.348
2021-04-22 07:22:11,5954240.0,5954241.0,2021-04-22 07:22:11.359
2021-04-22 07:22:12,5954150.0,5954241.0,2021-04-22 07:22:12.388
2021-04-22 07:22:13,5954150.0,5954241.0,2021-04-22 07:22:13.461
2021-04-22 07:22:14,5954150.0,5954241.0,2021-04-22 07:22:14.518
2021-04-22 07:22:15,5954150.0,5954241.0,2021-04-22 07:22:15.666
2021-04-22 07:22:16,5954150.0,5954241.0,2021-04-22 07:22:16.690
2021-04-22 07:22:17,5954150.0,5950200.0,2021-04-22 07:22:17.709
2021-04-22 07:22:18,5954150.0,5950200.0,2021-04-22 07:22:18.838
2021-04-22 07:22:19,5954150.0,5950200.0,2021-04-22 07:22:19.895
2021-04-22 07:22:20,5954150.0,5950200.0,2021-04-22 07:22:20.985
2021-04-22 07:22:21,5954150.0,5950200.0,2021-04-22 07:22:21.994
2021-04-22 07:22:23,5950193.0,5950200.0,2021-04-22 07:22:23.026
2021-04-22 07:22:24,5950193.0,5950200.0,2021-04-22 07:22:24.092
2021-04-22 07:22:25,5950193.0,5950200.0,2021-04-22 07:22:25.139
2021-04-22 07:22:26,5950193.0,5950200.0,2021-04-22 07:22:26.145
2021-04-22 07:22:27,5950193.0,5950200.0,2021-04-22 07:22:27.158
2021-04-22 07:22:28,5950193.0,5950200.0,2021-04-22 07:22:28.177
2021-04-22 07:22:29,5950193.0,5950200.0,2021-04-22 07:22:29.217
2021-04-22 07:22:30,5950193.0,5950200.0,2021-04-22 07:22:30.257
2021-04-22 07:22:31,5950193.0,5950200.0,2021-04-22 07:22:31.275
2021-04-22 07:22:32,5950193.0,5950001.0,2021-04-22 07:22:32.315
2021-04-22 07:22:33,5950193.0,5950001.0,2021-04-22 07:22:33.379
2021-04-22 07:22:34,5950193.0,5950001.0,2021-04-22 07:22:34.438
2021-04-22 07:22:35,5950193.0,5950001.0,2021-04-22 07:22:35.533
2021-04-22 07:22:36,5950193.0,5950001.0,2021-04-22 07:22:36.542
2021-04-22 07:22:37,5950193.0,5950001.0,2021-04-22 07:22:37.549
2021-04-22 07:22:38,5950193.0,5950001.0,2021-04-22 07:22:38.570
2021-04-22 07:22:39,5950193.0,5950001.0,2021-04-22 07:22:39.576
2021-04-22 07:22:40,5950193.0,5950001.0,2021-04-22 07:22:40.612
2021-04-22 07:22:41,5950193.0,5950001.0,2021-04-22 07:22:41.627
2021-04-22 07:22:42,5950193.0,5950001.0,2021-04-22 07:22:42.652
2021-04-22 07:22:43,5950193.0,5950001.0,2021-04-22 07:22:43.680
2021-04-22 07:22:44,5950193.0,5950001.0,2021-04-22 07:22:44.819
2021-04-22 07:22:46,5950193.0,5950001.0,2021-04-22 07:22:46.016
2021-04-22 07:22:47,5950193.0,5950001.0,2021-04-22 07:22:47.063
2021-04-22 07:22:48,5950193.0,5950001.0,2021-04-22 07:22:48.088
2021-04-22 07:22:49,5950193.0,5950001.0,2021-04-22 07:22:49.104
2021-04-22 07:22:50,5950193.0,5950001.0,2021-04-22 07:22:50.124
2021-04-22 07:22:51,5950193.0,5950001.0,2021-04-22 07:22:51.163
2021-04-22 07:22:52,5950193.0,5950001.0,2021-04-22 07:22:52.171
2021-04-22 07:22:53,5950193.0,5950001.0,2021-04-22 07:22:53.191
2021-04-22 07:22:54,5950193.0,5950001.0,2021-04-22 07:22:54.204
2021-04-22 07:22:55,5950193.0,5950001.0,2021-04-22 07:22:55.248
2021-04-22 07:22:56,5950193.0,5950001.0,2021-04-22 07:22:56.306
2021-04-22 07:22:57,5950193.0,5950001.0,2021-04-22 07:22:57.374
2021-04-22 07:22:58,5950193.0,5950001.0,2021-04-22 07:22:58.589
2021-04-22 07:22:59,5950193.0,5950001.0,2021-04-22 07:22:59.603
2021-04-22 07:23:00,5950193.0,5950001.0,2021-04-22 07:23:00.610
2021-04-22 07:23:01,5950193.0,5950001.0,2021-04-22 07:23:01.619
2021-04-22 07:23:02,5950193.0,5950001.0,2021-04-22 07:23:02.644
2021-04-22 07:23:03,5950193.0,5950001.0,2021-04-22 07:23:03.666
2021-04-22 07:23:04,5950193.0,5950001.0,2021-04-22 07:23:04.684
2021-04-22 07:23:05,5950193.0,5950001.0,2021-04-22 07:23:05.718
2021-04-22 07:23:06,5950193.0,5950001.0,2021-04-22 07:23:06.765
2021-04-22 07:23:07,5950193.0,5950001.0,2021-04-22 07:23:07.876
2021-04-22 07:23:08,5950193.0,5950001.0,2021-04-22 07:23:08.892
2021-04-22 07:23:09,5946503.0,5950001.0,2021-04-22 07:23:09.910
2021-04-22 07:23:10,5946503.0,5950001.0,2021-04-22 07:23:10.933
2021-04-22 07:23:11,5946503.0,5950001.0,2021-04-22 07:23:11.966
2021-04-22 07:23:12,5946503.0,5950001.0,2021-04-22 07:23:12.987
2021-04-22 07:23:14,5946503.0,5950001.0,2021-04-22 07:23:14.004
2021-04-22 07:23:15,5946503.0,5950001.0,2021-04-22 07:23:15.022
2021-04-22 07:23:16,5946503.0,5950001.0,2021-04-22 07:23:16.043
2021-04-22 07:23:17,5946503.0,5950001.0,2021-04-22 07:23:17.082
2021-04-22 07:23:18,5946503.0,5946501.0,2021-04-22 07:23:18.103
2021-04-22 07:23:19,5946503.0,5946501.0,2021-04-22 07:23:19.134
2021-04-22 07:23:20,5946503.0,5946501.0,2021-04-22 07:23:20.207
2021-04-22 07:23:21,5946503.0,5946501.0,2021-04-22 07:23:21.263
2021-04-22 07:23:22,5946503.0,5946501.0,2021-04-22 07:23:22.314
2021-04-22 07:23:23,5946503.0,5946501.0,2021-04-22 07:23:23.354
2021-04-22 07:23:24,5946503.0,5946501.0,2021-04-22 07:23:24.386
2021-04-22 07:23:25,5946503.0,5946501.0,2021-04-22 07:23:25.426
2021-04-22 07:23:26,5946503.0,5946501.0,2021-04-22 07:23:26.451
2021-04-22 07:23:27,5946503.0,5946501.0,2021-04-22 07:23:27.515
2021-04-22 07:23:28,5946503.0,5946501.0,2021-04-22 07:23:28.597
2021-04-22 07:23:29,5946503.0,5946501.0,2021-04-22 07:23:29.651
2021-04-22 07:23:30,5946503.0,5946501.0,2021-04-22 07:23:30.658
2021-04-22 07:23:31,5941000.0,5946501.0,2021-04-22 07:23:31.673
2021-04-22 07:23:32,5941003.0,5942846.0,2021-04-22 07:23:32.724
2021-04-22 07:23:33,5941003.0,5942846.0,2021-04-22 07:23:33.751
2021-04-22 07:23:34,5941003.0,5942846.0,2021-04-22 07:23:34.764
2021-04-22 07:23:35,5941003.0,5942846.0,2021-04-22 07:23:35.781
2021-04-22 07:23:36,5941003.0,5942846.0,2021-04-22 07:23:36.796
2021-04-22 07:23:37,5941003.0,5942846.0,2021-04-22 07:23:37.857
2021-04-22 07:23:38,5941003.0,5942846.0,2021-04-22 07:23:38.883
2021-04-22 07:23:39,5941003.0,5942846.0,2021-04-22 07:23:39.928
2021-04-22 07:23:40,5940900.0,5942846.0,2021-04-22 07:23:40.988
2021-04-22 07:23:42,5940900.0,5942846.0,2021-04-22 07:23:42.016
2021-04-22 07:23:43,5940900.0,5942846.0,2021-04-22 07:23:43.038
2021-04-22 07:23:44,5940900.0,5942846.0,2021-04-22 07:23:44.169
2021-04-22 07:23:45,5940900.0,5942846.0,2021-04-22 07:23:45.226
2021-04-22 07:23:46,5940900.0,5942846.0,2021-04-22 07:23:46.257
2021-04-22 07:23:47,5940900.0,5940200.0,2021-04-22 07:23:47.325
2021-04-22 07:23:48,5940900.0,5940200.0,2021-04-22 07:23:48.340
2021-04-22 07:23:49,5940900.0,5940200.0,2021-04-22 07:23:49.388
2021-04-22 07:23:50,5940900.0,5940200.0,2021-04-22 07:23:50.413
2021-04-22 07:23:51,5940900.0,5940200.0,2021-04-22 07:23:51.466
2021-04-22 07:23:52,5940900.0,5940200.0,2021-04-22 07:23:52.474
2021-04-22 07:23:53,5940900.0,5940200.0,2021-04-22 07:23:53.536
2021-04-22 07:23:54,5940900.0,5940200.0,2021-04-22 07:23:54.544
2021-04-22 07:23:55,5940900.0,5940200.0,2021-04-22 07:23:55.558
2021-04-22 07:23:56,5940900.0,5940200.0,2021-04-22 07:23:56.573
2021-04-22 07:23:57,5940900.0,5940200.0,2021-04-22 07:23:57.602
2021-04-22 07:23:58,5940900.0,5940200.0,2021-04-22 07:23:58.613
2021-04-22 07:23:59,5940900.0,5940200.0,2021-04-22 07:23:59.621
2021-04-22 07:24:00,5940900.0,5940200.0,2021-04-22 07:24:00.699
2021-04-22 07:24:01,5940900.0,5940200.0,2021-04-22 07:24:01.772
2021-04-22 07:24:02,5940900.0,5940200.0,2021-04-22 07:24:02.839
2021-04-22 07:24:04,5940900.0,5940200.0,2021-04-22 07:24:04.053
2021-04-22 07:24:05,5940900.0,5940200.0,2021-04-22 07:24:05.142
2021-04-22 07:24:06,5940900.0,5940200.0,2021-04-22 07:24:06.152
2021-04-22 07:24:07,5940900.0,5940200.0,2021-04-22 07:24:07.189
2021-04-22 07:24:08,5940900.0,5940200.0,2021-04-22 07:24:08.320
2021-04-22 07:24:09,5940900.0,5940200.0,2021-04-22 07:24:09.359
2021-04-22 07:24:10,5940900.0,5940200.0,2021-04-22 07:24:10.482
2021-04-22 07:24:11,5940900.0,5940200.0,2021-04-22 07:24:11.489
2021-04-22 07:24:12,5940900.0,5940200.0,2021-04-22 07:24:12.503
2021-04-22 07:24:13,5940900.0,5940200.0,2021-04-22 07:24:13.563
2021-04-22 07:24:14,5940900.0,5940200.0,2021-04-22 07:24:14.601
2021-04-22 07:24:15,5940900.0,5940200.0,2021-04-22 07:24:15.652
2021-04-22 07:24:16,5940900.0,5940200.0,2021-04-22 07:24:16.723
2021-04-22 07:24:17,5940900.0,5940200.0,2021-04-22 07:24:17.837
2021-04-22 07:24:18,5940900.0,5940200.0,2021-04-22 07:24:18.864
2021-04-22 07:24:19,5940900.0,5940200.0,2021-04-22 07:24:19.913
2021-04-22 07:24:21,5940900.0,5940200.0,2021-04-22 07:24:21.005
2021-04-22 07:24:22,5940900.0,5940200.0,2021-04-22 07:24:22.044
2021-04-22 07:24:23,5940900.0,5940200.0,2021-04-22 07:24:23.138
2021-04-22 07:24:24,5940900.0,5940200.0,2021-04-22 07:24:24.162
2021-04-22 07:24:25,5940900.0,5940200.0,2021-04-22 07:24:25.178
2021-04-22 07:24:26,5940900.0,5940200.0,2021-04-22 07:24:26.253
2021-04-22 07:24:27,5940900.0,5940200.0,2021-04-22 07:24:27.261
2021-04-22 07:24:28,5940900.0,5940200.0,2021-04-22 07:24:28.365
2021-04-22 07:24:29,5940900.0,5940200.0,2021-04-22 07:24:29.458
2021-04-22 07:24:30,5940900.0,5940200.0,2021-04-22 07:24:30.469
2021-04-22 07:24:31,5940900.0,5940200.0,2021-04-22 07:24:31.488
2021-04-22 07:24:32,5940900.0,5940200.0,2021-04-22 07:24:32.653
2021-04-22 07:24:33,5940900.0,5940200.0,2021-04-22 07:24:33.683
2021-04-22 07:24:34,5940900.0,5940200.0,2021-04-22 07:24:34.731
2021-04-22 07:24:35,5940900.0,5940200.0,2021-04-22 07:24:35.806
2021-04-22 07:24:36,5940900.0,5940200.0,2021-04-22 07:24:36.866
2021-04-22 07:24:37,5939840.0,5940200.0,2021-04-22 07:24:37.889
2021-04-22 07:24:38,5938998.0,5940200.0,2021-04-22 07:24:38.901
2021-04-22 07:24:39,5938998.0,5940200.0,2021-04-22 07:24:39.992
2021-04-22 07:24:41,5938998.0,5940200.0,2021-04-22 07:24:41.080
2021-04-22 07:24:42,5938164.0,5940200.0,2021-04-22 07:24:42.278
2021-04-22 07:24:43,5938164.0,5940200.0,2021-04-22 07:24:43.317
2021-04-22 07:24:44,5938164.0,5940200.0,2021-04-22 07:24:44.344
2021-04-22 07:24:45,5938164.0,5940200.0,2021-04-22 07:24:45.383
2021-04-22 07:24:46,5938164.0,5940200.0,2021-04-22 07:24:46.420
2021-04-22 07:24:47,5938164.0,5937510.0,2021-04-22 07:24:47.428
2021-04-22 07:24:48,5938164.0,5937510.0,2021-04-22 07:24:48.438
2021-04-22 07:24:49,5938164.0,5937510.0,2021-04-22 07:24:49.524
2021-04-22 07:24:50,5938164.0,5937510.0,2021-04-22 07:24:50.585
2021-04-22 07:24:51,5938164.0,5937510.0,2021-04-22 07:24:51.595
2021-04-22 07:24:52,5938164.0,5937510.0,2021-04-22 07:24:52.786
2021-04-22 07:24:53,5938164.0,5937510.0,2021-04-22 07:24:53.813
2021-04-22 07:24:54,5938164.0,5937510.0,2021-04-22 07:24:54.874
2021-04-22 07:24:55,5938164.0,5937510.0,2021-04-22 07:24:55.955
2021-04-22 07:24:56,5938164.0,5937510.0,2021-04-22 07:24:56.972
2021-04-22 07:24:58,5938164.0,5937510.0,2021-04-22 07:24:58.022
2021-04-22 07:24:59,5938164.0,5937510.0,2021-04-22 07:24:59.033
2021-04-22 07:25:00,5938164.0,5937510.0,2021-04-22 07:25:00.154
2021-04-22 07:25:01,5938164.0,5937510.0,2021-04-22 07:25:01.190
2021-04-22 07:25:02,5938164.0,5937510.0,2021-04-22 07:25:02.197
2021-04-22 07:25:03,5938164.0,5937510.0,2021-04-22 07:25:03.208
2021-04-22 07:25:04,5938164.0,5937510.0,2021-04-22 07:25:04.289
2021-04-22 07:25:05,5938164.0,5937510.0,2021-04-22 07:25:05.340
2021-04-22 07:25:06,5938164.0,5937510.0,2021-04-22 07:25:06.359
2021-04-22 07:25:07,5938164.0,5937510.0,2021-04-22 07:25:07.481
2021-04-22 07:25:08,5938164.0,5937510.0,2021-04-22 07:25:08.515
2021-04-22 07:25:09,5938164.0,5937510.0,2021-04-22 07:25:09.637
2021-04-22 07:25:10,5938164.0,5937510.0,2021-04-22 07:25:10.646
2021-04-22 07:25:11,5938164.0,5937510.0,2021-04-22 07:25:11.660
2021-04-22 07:25:12,5938164.0,5937510.0,2021-04-22 07:25:12.713
2021-04-22 07:25:13,5938164.0,5937510.0,2021-04-22 07:25:13.727
2021-04-22 07:25:14,5938164.0,5937510.0,2021-04-22 07:25:14.756
2021-04-22 07:25:15,5938164.0,5937510.0,2021-04-22 07:25:15.767
2021-04-22 07:25:16,5938164.0,5937510.0,2021-04-22 07:25:16.788
2021-04-22 07:25:17,5938164.0,5937510.0,2021-04-22 07:25:17.824
2021-04-22 07:25:18,5938164.0,5937510.0,2021-04-22 07:25:18.947
2021-04-22 07:25:19,5938164.0,5937510.0,2021-04-22 07:25:19.979
2021-04-22 07:25:21,5938164.0,5937510.0,2021-04-22 07:25:21.041
2021-04-22 07:25:22,5938164.0,5937510.0,2021-04-22 07:25:22.103
2021-04-22 07:25:23,5938164.0,5937510.0,2021-04-22 07:25:23.114
2021-04-22 07:25:24,5938164.0,5937510.0,2021-04-22 07:25:24.153
2021-04-22 07:25:25,5938164.0,5937510.0,2021-04-22 07:25:25.173
2021-04-22 07:25:26,5938164.0,5937510.0,2021-04-22 07:25:26.205
2021-04-22 07:25:27,5938164.0,5937510.0,2021-04-22 07:25:27.213
2021-04-22 07:25:28,5938164.0,5937510.0,2021-04-22 07:25:28.218
2021-04-22 07:25:29,5938164.0,5937510.0,2021-04-22 07:25:29.243
2021-04-22 07:25:30,5938164.0,5937510.0,2021-04-22 07:25:30.286
2021-04-22 07:25:31,5938164.0,5937510.0,2021-04-22 07:25:31.299
2021-04-22 07:25:32,5938164.0,5937510.0,2021-04-22 07:25:32.371
2021-04-22 07:25:33,5938164.0,5937510.0,2021-04-22 07:25:33.390
2021-04-22 07:25:34,5938164.0,5937510.0,2021-04-22 07:25:34.447
2021-04-22 07:25:35,5938164.0,5937510.0,2021-04-22 07:25:35.486
2021-04-22 07:25:36,5938164.0,5937510.0,2021-04-22 07:25:36.517
2021-04-22 07:25:37,5938164.0,5937510.0,2021-04-22 07:25:37.548
2021-04-22 07:25:38,5938164.0,5937510.0,2021-04-22 07:25:38.568
2021-04-22 07:25:39,5938164.0,5937510.0,2021-04-22 07:25:39.592
2021-04-22 07:25:40,5938164.0,5937510.0,2021-04-22 07:25:40.619
2021-04-22 07:25:41,5937509.0,5937510.0,2021-04-22 07:25:41.673
2021-04-22 07:25:42,5933086.0,5937510.0,2021-04-22 07:25:42.703
2021-04-22 07:25:43,5933086.0,5937510.0,2021-04-22 07:25:43.749
2021-04-22 07:25:44,5933086.0,5937510.0,2021-04-22 07:25:44.805
2021-04-22 07:25:45,5933086.0,5937510.0,2021-04-22 07:25:45.819
2021-04-22 07:25:46,5933086.0,5937510.0,2021-04-22 07:25:46.833
2021-04-22 07:25:47,5937001.0,5937002.0,2021-04-22 07:25:47.846
2021-04-22 07:25:48,5937001.0,5937002.0,2021-04-22 07:25:48.856
2021-04-22 07:25:49,5937001.0,5937002.0,2021-04-22 07:25:49.868
2021-04-22 07:25:50,5937000.0,5937002.0,2021-04-22 07:25:50.907
2021-04-22 07:25:51,5937000.0,5937002.0,2021-04-22 07:25:51.929
2021-04-22 07:25:52,5937000.0,5937002.0,2021-04-22 07:25:52.970
2021-04-22 07:25:54,5937000.0,5937002.0,2021-04-22 07:25:54.025
2021-04-22 07:25:55,5937000.0,5937002.0,2021-04-22 07:25:55.043
2021-04-22 07:25:56,5937000.0,5937002.0,2021-04-22 07:25:56.051
2021-04-22 07:25:57,5937000.0,5937002.0,2021-04-22 07:25:57.067
2021-04-22 07:25:58,5937000.0,5937002.0,2021-04-22 07:25:58.082
2021-04-22 07:25:59,5937000.0,5937002.0,2021-04-22 07:25:59.087
2021-04-22 07:26:00,5937000.0,5937002.0,2021-04-22 07:26:00.122
2021-04-22 07:26:01,5937000.0,5937002.0,2021-04-22 07:26:01.151
2021-04-22 07:26:02,5937000.0,5937002.0,2021-04-22 07:26:02.170
2021-04-22 07:26:03,5937000.0,5937001.0,2021-04-22 07:26:03.205
2021-04-22 07:26:04,5934515.0,5937001.0,2021-04-22 07:26:04.320
2021-04-22 07:26:05,5934515.0,5937001.0,2021-04-22 07:26:05.383
2021-04-22 07:26:06,5934515.0,5937001.0,2021-04-22 07:26:06.411
2021-04-22 07:26:07,5934515.0,5937001.0,2021-04-22 07:26:07.428
2021-04-22 07:26:08,5934515.0,5937001.0,2021-04-22 07:26:08.470
2021-04-22 07:26:09,5934515.0,5937001.0,2021-04-22 07:26:09.497
2021-04-22 07:26:10,5934515.0,5937001.0,2021-04-22 07:26:10.603
2021-04-22 07:26:11,5934515.0,5937001.0,2021-04-22 07:26:11.677
2021-04-22 07:26:12,5934515.0,5937001.0,2021-04-22 07:26:12.711
2021-04-22 07:26:13,5934515.0,5937001.0,2021-04-22 07:26:13.737
2021-04-22 07:26:14,5934515.0,5937001.0,2021-04-22 07:26:14.779
2021-04-22 07:26:15,5934515.0,5937001.0,2021-04-22 07:26:15.787
2021-04-22 07:26:16,5934515.0,5937001.0,2021-04-22 07:26:16.818
2021-04-22 07:26:17,5935000.0,5935001.0,2021-04-22 07:26:17.841
2021-04-22 07:26:18,5935000.0,5935001.0,2021-04-22 07:26:18.857
2021-04-22 07:26:19,5935000.0,5935001.0,2021-04-22 07:26:19.875
2021-04-22 07:26:20,5935000.0,5935001.0,2021-04-22 07:26:20.923
2021-04-22 07:26:21,5935000.0,5935001.0,2021-04-22 07:26:21.942
2021-04-22 07:26:22,5935000.0,5935001.0,2021-04-22 07:26:22.968
2021-04-22 07:26:24,5935000.0,5935001.0,2021-04-22 07:26:24.024
2021-04-22 07:26:25,5935000.0,5935001.0,2021-04-22 07:26:25.099
2021-04-22 07:26:26,5935000.0,5935001.0,2021-04-22 07:26:26.124
2021-04-22 07:26:27,5933512.0,5935001.0,2021-04-22 07:26:27.240
2021-04-22 07:26:28,5933512.0,5935001.0,2021-04-22 07:26:28.325
2021-04-22 07:26:29,5933512.0,5935001.0,2021-04-22 07:26:29.376
2021-04-22 07:26:30,5933512.0,5935001.0,2021-04-22 07:26:30.425
2021-04-22 07:26:31,5933512.0,5935001.0,2021-04-22 07:26:31.456
2021-04-22 07:26:32,5933512.0,5934507.0,2021-04-22 07:26:32.505
2021-04-22 07:26:33,5933360.0,5934507.0,2021-04-22 07:26:33.580
2021-04-22 07:26:34,5932478.0,5934507.0,2021-04-22 07:26:34.611
2021-04-22 07:26:35,5932478.0,5934507.0,2021-04-22 07:26:35.654
2021-04-22 07:26:36,5932478.0,5934507.0,2021-04-22 07:26:36.667
2021-04-22 07:26:37,5932478.0,5934507.0,2021-04-22 07:26:37.675
2021-04-22 07:26:38,5932478.0,5934507.0,2021-04-22 07:26:38.720
2021-04-22 07:26:39,5931041.0,5934507.0,2021-04-22 07:26:39.743
2021-04-22 07:26:40,5931041.0,5934507.0,2021-04-22 07:26:40.819
2021-04-22 07:26:41,5931041.0,5934507.0,2021-04-22 07:26:41.826
2021-04-22 07:26:42,5931041.0,5934507.0,2021-04-22 07:26:42.834
2021-04-22 07:26:43,5931041.0,5934507.0,2021-04-22 07:26:43.851
2021-04-22 07:26:44,5931041.0,5934507.0,2021-04-22 07:26:44.856
2021-04-22 07:26:45,5931041.0,5934507.0,2021-04-22 07:26:45.887
2021-04-22 07:26:46,5931041.0,5934507.0,2021-04-22 07:26:46.891
2021-04-22 07:26:47,5931041.0,5930200.0,2021-04-22 07:26:47.911
2021-04-22 07:26:48,5931041.0,5930200.0,2021-04-22 07:26:48.980
2021-04-22 07:26:50,5931041.0,5930200.0,2021-04-22 07:26:50.007
2021-04-22 07:26:51,5931041.0,5930200.0,2021-04-22 07:26:51.057
2021-04-22 07:26:52,5931041.0,5930200.0,2021-04-22 07:26:52.080
2021-04-22 07:26:53,5931041.0,5930200.0,2021-04-22 07:26:53.095
2021-04-22 07:26:54,5931041.0,5930200.0,2021-04-22 07:26:54.112
2021-04-22 07:26:55,5931041.0,5930200.0,2021-04-22 07:26:55.140
2021-04-22 07:26:56,5931041.0,5930200.0,2021-04-22 07:26:56.164
2021-04-22 07:26:57,5931041.0,5930200.0,2021-04-22 07:26:57.227
2021-04-22 07:26:58,5931041.0,5930200.0,2021-04-22 07:26:58.242
2021-04-22 07:26:59,5931041.0,5930200.0,2021-04-22 07:26:59.249
2021-04-22 07:27:00,5931041.0,5930200.0,2021-04-22 07:27:00.255
2021-04-22 07:27:01,5931041.0,5930200.0,2021-04-22 07:27:01.280
2021-04-22 07:27:02,5931041.0,5930200.0,2021-04-22 07:27:02.335
2021-04-22 07:27:03,5931041.0,5930200.0,2021-04-22 07:27:03.359
2021-04-22 07:27:04,5931041.0,5930200.0,2021-04-22 07:27:04.384
2021-04-22 07:27:05,5931041.0,5930200.0,2021-04-22 07:27:05.391
2021-04-22 07:27:06,5931041.0,5930200.0,2021-04-22 07:27:06.398
2021-04-22 07:27:07,5931041.0,5930200.0,2021-04-22 07:27:07.409
2021-04-22 07:27:08,5931041.0,5930200.0,2021-04-22 07:27:08.443
2021-04-22 07:27:09,5931041.0,5930200.0,2021-04-22 07:27:09.454
2021-04-22 07:27:10,5931041.0,5930200.0,2021-04-22 07:27:10.498
2021-04-22 07:27:11,5931041.0,5930200.0,2021-04-22 07:27:11.540
2021-04-22 07:27:12,5927499.0,5930200.0,2021-04-22 07:27:12.576
2021-04-22 07:27:13,5924209.0,5930200.0,2021-04-22 07:27:13.609
2021-04-22 07:27:14,5924205.0,5930200.0,2021-04-22 07:27:14.676
2021-04-22 07:27:15,5921783.0,5930200.0,2021-04-22 07:27:15.720
2021-04-22 07:27:16,5921783.0,5930200.0,2021-04-22 07:27:16.743
2021-04-22 07:27:17,5921783.0,5921784.0,2021-04-22 07:27:17.750
2021-04-22 07:27:18,5921783.0,5921784.0,2021-04-22 07:27:18.757
2021-04-22 07:27:19,5921783.0,5921784.0,2021-04-22 07:27:19.766
2021-04-22 07:27:20,5921783.0,5921784.0,2021-04-22 07:27:20.772
2021-04-22 07:27:21,5921783.0,5921784.0,2021-04-22 07:27:21.795
2021-04-22 07:27:22,5921783.0,5921784.0,2021-04-22 07:27:22.802
2021-04-22 07:27:23,5921783.0,5921784.0,2021-04-22 07:27:23.844
2021-04-22 07:27:24,5921783.0,5921784.0,2021-04-22 07:27:24.922
2021-04-22 07:27:25,5921783.0,5921784.0,2021-04-22 07:27:25.948
2021-04-22 07:27:26,5921738.0,5921784.0,2021-04-22 07:27:26.957
2021-04-22 07:27:28,5920010.0,5921784.0,2021-04-22 07:27:28.010
2021-04-22 07:27:29,5920009.0,5921784.0,2021-04-22 07:27:29.057
2021-04-22 07:27:30,5920008.0,5921784.0,2021-04-22 07:27:30.131
2021-04-22 07:27:31,5920008.0,5921784.0,2021-04-22 07:27:31.158
2021-04-22 07:27:32,5920008.0,5921784.0,2021-04-22 07:27:32.203
2021-04-22 07:27:33,5920008.0,5920009.0,2021-04-22 07:27:33.249
2021-04-22 07:27:34,5920008.0,5920009.0,2021-04-22 07:27:34.260
2021-04-22 07:27:35,5920008.0,5920009.0,2021-04-22 07:27:35.269
2021-04-22 07:27:36,5920008.0,5920009.0,2021-04-22 07:27:36.280
2021-04-22 07:27:37,5920008.0,5920009.0,2021-04-22 07:27:37.321
2021-04-22 07:27:38,5920008.0,5920009.0,2021-04-22 07:27:38.335
2021-04-22 07:27:39,5920008.0,5920009.0,2021-04-22 07:27:39.348
2021-04-22 07:27:40,5920008.0,5920009.0,2021-04-22 07:27:40.463
2021-04-22 07:27:41,5920008.0,5920009.0,2021-04-22 07:27:41.474
2021-04-22 07:27:42,5920008.0,5920009.0,2021-04-22 07:27:42.491
2021-04-22 07:27:43,5920008.0,5920009.0,2021-04-22 07:27:43.542
2021-04-22 07:27:44,5920008.0,5920009.0,2021-04-22 07:27:44.650
2021-04-22 07:27:45,5920008.0,5920009.0,2021-04-22 07:27:45.656
2021-04-22 07:27:46,5920008.0,5920009.0,2021-04-22 07:27:46.685
2021-04-22 07:27:47,5920008.0,5920009.0,2021-04-22 07:27:47.692
2021-04-22 07:27:48,5920008.0,5920009.0,2021-04-22 07:27:48.700
2021-04-22 07:27:49,5920008.0,5920009.0,2021-04-22 07:27:49.757
2021-04-22 07:27:50,5920008.0,5920009.0,2021-04-22 07:27:50.789
2021-04-22 07:27:51,5918215.0,5920009.0,2021-04-22 07:27:51.795
2021-04-22 07:27:52,5910000.0,5920009.0,2021-04-22 07:27:52.806
2021-04-22 07:27:53,5910000.0,5920009.0,2021-04-22 07:27:53.814
2021-04-22 07:27:54,5910000.0,5920009.0,2021-04-22 07:27:54.818
2021-04-22 07:27:55,5910000.0,5920009.0,2021-04-22 07:27:55.840
2021-04-22 07:27:56,5910000.0,5920009.0,2021-04-22 07:27:56.852
2021-04-22 07:27:57,5910000.0,5920009.0,2021-04-22 07:27:57.865
2021-04-22 07:27:58,5910000.0,5920009.0,2021-04-22 07:27:58.894
2021-04-22 07:27:59,5910000.0,5920009.0,2021-04-22 07:27:59.898
2021-04-22 07:28:00,5910000.0,5920009.0,2021-04-22 07:28:00.937
2021-04-22 07:28:01,5909269.0,5920009.0,2021-04-22 07:28:01.941
2021-04-22 07:28:02,5909269.0,5910000.0,2021-04-22 07:28:02.962
2021-04-22 07:28:04,5909269.0,5910000.0,2021-04-22 07:28:04.020
2021-04-22 07:28:05,5909269.0,5910000.0,2021-04-22 07:28:05.048
2021-04-22 07:28:06,5909269.0,5910000.0,2021-04-22 07:28:06.077
2021-04-22 07:28:07,5909269.0,5910000.0,2021-04-22 07:28:07.092
2021-04-22 07:28:08,5909269.0,5910000.0,2021-04-22 07:28:08.105
2021-04-22 07:28:09,5909269.0,5910000.0,2021-04-22 07:28:09.118
2021-04-22 07:28:10,5909269.0,5910000.0,2021-04-22 07:28:10.137
2021-04-22 07:28:11,5909269.0,5910000.0,2021-04-22 07:28:11.148
2021-04-22 07:28:12,5909269.0,5910000.0,2021-04-22 07:28:12.207
2021-04-22 07:28:13,5909269.0,5910000.0,2021-04-22 07:28:13.245
