timestamp,bid,ask,tick_timestamp
2021-04-22 06:50:58,5936200.0,5938270.0,2021-04-22 06:50:58.408
2021-04-22 06:50:59,5936205.0,5938270.0,2021-04-22 06:50:59.420
2021-04-22 06:51:00,5936205.0,5938270.0,2021-04-22 06:51:00.445
2021-04-22 06:51:01,5936205.0,5938270.0,2021-04-22 06:51:01.511
2021-04-22 06:51:02,5936205.0,5938409.0,2021-04-22 06:51:02.532
2021-04-22 06:51:03,5936205.0,5938409.0,2021-04-22 06:51:03.564
2021-04-22 06:51:04,5936455.0,5938409.0,2021-04-22 06:51:04.604
2021-04-22 06:51:05,5936455.0,5938409.0,2021-04-22 06:51:05.676
2021-04-22 06:51:06,5936455.0,5938409.0,2021-04-22 06:51:06.729
2021-04-22 06:51:07,5936200.0,5938409.0,2021-04-22 06:51:07.844
2021-04-22 06:51:08,5936200.0,5938224.0,2021-04-22 06:51:08.851
2021-04-22 06:51:09,5936200.0,5938023.0,2021-04-22 06:51:09.878
2021-04-22 06:51:10,5936200.0,5939403.0,2021-04-22 06:51:10.948
2021-04-22 06:51:11,5936200.0,5938266.0,2021-04-22 06:51:11.968
2021-04-22 06:51:13,5936200.0,5938260.0,2021-04-22 06:51:13.001
2021-04-22 06:51:14,5936200.0,5938260.0,2021-04-22 06:51:14.023
2021-04-22 06:51:15,5936475.0,5938260.0,2021-04-22 06:51:15.048
2021-04-22 06:51:16,5936475.0,5938260.0,2021-04-22 06:51:16.081
2021-04-22 06:51:17,5936475.0,5938260.0,2021-04-22 06:51:17.138
2021-04-22 06:51:18,5936475.0,5938260.0,2021-04-22 06:51:18.152
2021-04-22 06:51:19,5936475.0,5938260.0,2021-04-22 06:51:19.169
2021-04-22 06:51:20,5935223.0,5938260.0,2021-04-22 06:51:20.180
2021-04-22 06:51:21,5935231.0,5938260.0,2021-04-22 06:51:21.211
2021-04-22 06:51:22,5935231.0,5938260.0,2021-04-22 06:51:22.223
2021-04-22 06:51:23,5935309.0,5938260.0,2021-04-22 06:51:23.257
2021-04-22 06:51:24,5935309.0,5938260.0,2021-04-22 06:51:24.265
2021-04-22 06:51:25,5935336.0,5938260.0,2021-04-22 06:51:25.282
2021-04-22 06:51:26,5935336.0,5938260.0,2021-04-22 06:51:26.286
2021-04-22 06:51:27,5935336.0,5938260.0,2021-04-22 06:51:27.292
2021-04-22 06:51:28,5935336.0,5938268.0,2021-04-22 06:51:28.305
2021-04-22 06:51:29,5935336.0,5938250.0,2021-04-22 06:51:29.312
2021-04-22 06:51:30,5935336.0,5938243.0,2021-04-22 06:51:30.321
2021-04-22 06:51:31,5935385.0,5937263.0,2021-04-22 06:51:31.328
2021-04-22 06:51:32,5935385.0,5937263.0,2021-04-22 06:51:32.358
2021-04-22 06:51:33,5935385.0,5937263.0,2021-04-22 06:51:33.378
2021-04-22 06:51:34,5935385.0,5937263.0,2021-04-22 06:51:34.393
2021-04-22 06:51:35,5935261.0,5937263.0,2021-04-22 06:51:35.427
2021-04-22 06:51:36,5935261.0,5937263.0,2021-04-22 06:51:36.441
2021-04-22 06:51:37,5935261.0,5937263.0,2021-04-22 06:51:37.451
2021-04-22 06:51:38,5935261.0,5937249.0,2021-04-22 06:51:38.461
2021-04-22 06:51:39,5935261.0,5937249.0,2021-04-22 06:51:39.489
2021-04-22 06:51:40,5935261.0,5937249.0,2021-04-22 06:51:40.497
2021-04-22 06:51:41,5935374.0,5937249.0,2021-04-22 06:51:41.521
2021-04-22 06:51:42,5935374.0,5937249.0,2021-04-22 06:51:42.529
2021-04-22 06:51:43,5935374.0,5937249.0,2021-04-22 06:51:43.546
2021-04-22 06:51:44,5935374.0,5937249.0,2021-04-22 06:51:44.607
2021-04-22 06:51:45,5935374.0,5937249.0,2021-04-22 06:51:45.622
2021-04-22 06:51:46,5935374.0,5937249.0,2021-04-22 06:51:46.644
2021-04-22 06:51:47,5935374.0,5937249.0,2021-04-22 06:51:47.666
2021-04-22 06:51:48,5935374.0,5937249.0,2021-04-22 06:51:48.681
2021-04-22 06:51:49,5935374.0,5937249.0,2021-04-22 06:51:49.792
2021-04-22 06:51:50,5935374.0,5937249.0,2021-04-22 06:51:50.811
2021-04-22 06:51:51,5935374.0,5937249.0,2021-04-22 06:51:51.934
2021-04-22 06:51:52,5935374.0,5937249.0,2021-04-22 06:51:52.944
2021-04-22 06:51:53,5935374.0,5937249.0,2021-04-22 06:51:53.956
2021-04-22 06:51:54,5935698.0,5937249.0,2021-04-22 06:51:54.961
2021-04-22 06:51:56,5935698.0,5937249.0,2021-04-22 06:51:56.057
2021-04-22 06:51:57,5935699.0,5937249.0,2021-04-22 06:51:57.081
2021-04-22 06:51:58,5935699.0,5937249.0,2021-04-22 06:51:58.132
2021-04-22 06:51:59,5935699.0,5937249.0,2021-04-22 06:51:59.225
2021-04-22 06:52:00,5935699.0,5937249.0,2021-04-22 06:52:00.293
2021-04-22 06:52:01,5935699.0,5937249.0,2021-04-22 06:52:01.296
2021-04-22 06:52:02,5935699.0,5937249.0,2021-04-22 06:52:02.314
2021-04-22 06:52:03,5935149.0,5937249.0,2021-04-22 06:52:03.326
2021-04-22 06:52:04,5935149.0,5937249.0,2021-04-22 06:52:04.362
2021-04-22 06:52:05,5935149.0,5937249.0,2021-04-22 06:52:05.376
2021-04-22 06:52:06,5935149.0,5937942.0,2021-04-22 06:52:06.405
2021-04-22 06:52:07,5935149.0,5937696.0,2021-04-22 06:52:07.412
2021-04-22 06:52:08,5935149.0,5937692.0,2021-04-22 06:52:08.454
2021-04-22 06:52:09,5935149.0,5937692.0,2021-04-22 06:52:09.463
2021-04-22 06:52:10,5935149.0,5937692.0,2021-04-22 06:52:10.478
2021-04-22 06:52:11,5935149.0,5937692.0,2021-04-22 06:52:11.499
2021-04-22 06:52:12,5935149.0,5937692.0,2021-04-22 06:52:12.511
2021-04-22 06:52:13,5935149.0,5937692.0,2021-04-22 06:52:13.540
2021-04-22 06:52:14,5935149.0,5937692.0,2021-04-22 06:52:14.549
2021-04-22 06:52:15,5935149.0,5937692.0,2021-04-22 06:52:15.574
2021-04-22 06:52:16,5935149.0,5937692.0,2021-04-22 06:52:16.639
2021-04-22 06:52:17,5935149.0,5937692.0,2021-04-22 06:52:17.690
2021-04-22 06:52:18,5935149.0,5937692.0,2021-04-22 06:52:18.721
2021-04-22 06:52:19,5935149.0,5937692.0,2021-04-22 06:52:19.730
2021-04-22 06:52:20,5935149.0,5937692.0,2021-04-22 06:52:20.740
2021-04-22 06:52:21,5935149.0,5937692.0,2021-04-22 06:52:21.763
2021-04-22 06:52:22,5935149.0,5937692.0,2021-04-22 06:52:22.787
2021-04-22 06:52:23,5935149.0,5937692.0,2021-04-22 06:52:23.814
2021-04-22 06:52:24,5935149.0,5937692.0,2021-04-22 06:52:24.818
2021-04-22 06:52:25,5935149.0,5937692.0,2021-04-22 06:52:25.833
2021-04-22 06:52:26,5935149.0,5937692.0,2021-04-22 06:52:26.864
2021-04-22 06:52:27,5935149.0,5937692.0,2021-04-22 06:52:27.932
2021-04-22 06:52:29,5935149.0,5937692.0,2021-04-22 06:52:29.024
2021-04-22 06:52:30,5935149.0,5937692.0,2021-04-22 06:52:30.080
2021-04-22 06:52:31,5935149.0,5937692.0,2021-04-22 06:52:31.109
2021-04-22 06:52:32,5935149.0,5937692.0,2021-04-22 06:52:32.134
2021-04-22 06:52:33,5935149.0,5937692.0,2021-04-22 06:52:33.155
2021-04-22 06:52:34,5935149.0,5937692.0,2021-04-22 06:52:34.169
2021-04-22 06:52:35,5935149.0,5937692.0,2021-04-22 06:52:35.184
2021-04-22 06:52:36,5935149.0,5937692.0,2021-04-22 06:52:36.199
2021-04-22 06:52:37,5935149.0,5937692.0,2021-04-22 06:52:37.211
2021-04-22 06:52:38,5935149.0,5937692.0,2021-04-22 06:52:38.234
2021-04-22 06:52:39,5935149.0,5937692.0,2021-04-22 06:52:39.292
2021-04-22 06:52:40,5935149.0,5937714.0,2021-04-22 06:52:40.320
2021-04-22 06:52:41,5935149.0,5937714.0,2021-04-22 06:52:41.361
2021-04-22 06:52:42,5935149.0,5937714.0,2021-04-22 06:52:42.506
2021-04-22 06:52:43,5935149.0,5937714.0,2021-04-22 06:52:43.533
2021-04-22 06:52:44,5935149.0,5937714.0,2021-04-22 06:52:44.552
2021-04-22 06:52:45,5935149.0,5937714.0,2021-04-22 06:52:45.558
2021-04-22 06:52:46,5935149.0,5937714.0,2021-04-22 06:52:46.582
2021-04-22 06:52:47,5935149.0,5937714.0,2021-04-22 06:52:47.623
2021-04-22 06:52:48,5935149.0,5937714.0,2021-04-22 06:52:48.661
2021-04-22 06:52:49,5935149.0,5937714.0,2021-04-22 06:52:49.706
2021-04-22 06:52:50,5935149.0,5937714.0,2021-04-22 06:52:50.714
2021-04-22 06:52:51,5935149.0,5937714.0,2021-04-22 06:52:51.730
2021-04-22 06:52:52,5935149.0,5937714.0,2021-04-22 06:52:52.737
2021-04-22 06:52:53,5935149.0,5937714.0,2021-04-22 06:52:53.803
2021-04-22 06:52:54,5935149.0,5937714.0,2021-04-22 06:52:54.817
2021-04-22 06:52:55,5935149.0,5937714.0,2021-04-22 06:52:55.829
2021-04-22 06:52:56,5935422.0,5937714.0,2021-04-22 06:52:56.896
2021-04-22 06:52:57,5935422.0,5937714.0,2021-04-22 06:52:57.937
2021-04-22 06:52:58,5935422.0,5937714.0,2021-04-22 06:52:58.962
2021-04-22 06:53:00,5935422.0,5937714.0,2021-04-22 06:53:00.011
2021-04-22 06:53:01,5935422.0,5937714.0,2021-04-22 06:53:01.093
2021-04-22 06:53:02,5935422.0,5937714.0,2021-04-22 06:53:02.125
2021-04-22 06:53:03,5935422.0,5937714.0,2021-04-22 06:53:03.290
2021-04-22 06:53:04,5935422.0,5937714.0,2021-04-22 06:53:04.352
2021-04-22 06:53:05,5935422.0,5937714.0,2021-04-22 06:53:05.359
2021-04-22 06:53:06,5935422.0,5937685.0,2021-04-22 06:53:06.435
2021-04-22 06:53:07,5935422.0,5937685.0,2021-04-22 06:53:07.479
2021-04-22 06:53:08,5935422.0,5937685.0,2021-04-22 06:53:08.504
2021-04-22 06:53:09,5935422.0,5937679.0,2021-04-22 06:53:09.519
2021-04-22 06:53:10,5935422.0,5937536.0,2021-04-22 06:53:10.538
2021-04-22 06:53:11,5935422.0,5937523.0,2021-04-22 06:53:11.574
2021-04-22 06:53:12,5935422.0,5937523.0,2021-04-22 06:53:12.613
2021-04-22 06:53:13,5936392.0,5937522.0,2021-04-22 06:53:13.661
2021-04-22 06:53:14,5936392.0,5937522.0,2021-04-22 06:53:14.707
2021-04-22 06:53:15,5936392.0,5937522.0,2021-04-22 06:53:15.724
2021-04-22 06:53:16,5936392.0,5937522.0,2021-04-22 06:53:16.739
2021-04-22 06:53:17,5936392.0,5937377.0,2021-04-22 06:53:17.788
2021-04-22 06:53:18,5936392.0,5937377.0,2021-04-22 06:53:18.839
2021-04-22 06:53:19,5936392.0,5937377.0,2021-04-22 06:53:19.876
2021-04-22 06:53:20,5936392.0,5937377.0,2021-04-22 06:53:20.913
2021-04-22 06:53:21,5936392.0,5937377.0,2021-04-22 06:53:21.919
2021-04-22 06:53:22,5936392.0,5937377.0,2021-04-22 06:53:22.942
2021-04-22 06:53:24,5936392.0,5937377.0,2021-04-22 06:53:23.986
2021-04-22 06:53:25,5936392.0,5937377.0,2021-04-22 06:53:25.015
2021-04-22 06:53:26,5936392.0,5937377.0,2021-04-22 06:53:26.042
2021-04-22 06:53:27,5936392.0,5937377.0,2021-04-22 06:53:27.061
2021-04-22 06:53:28,5935398.0,5937377.0,2021-04-22 06:53:28.105
2021-04-22 06:53:29,5935398.0,5937377.0,2021-04-22 06:53:29.162
2021-04-22 06:53:30,5935809.0,5937377.0,2021-04-22 06:53:30.197
2021-04-22 06:53:31,5935809.0,5937377.0,2021-04-22 06:53:31.273
2021-04-22 06:53:32,5935809.0,5937377.0,2021-04-22 06:53:32.303
2021-04-22 06:53:33,5935809.0,5937377.0,2021-04-22 06:53:33.313
2021-04-22 06:53:34,5935284.0,5937338.0,2021-04-22 06:53:34.331
2021-04-22 06:53:35,5935306.0,5937338.0,2021-04-22 06:53:35.349
2021-04-22 06:53:36,5935306.0,5937338.0,2021-04-22 06:53:36.360
2021-04-22 06:53:37,5935654.0,5937338.0,2021-04-22 06:53:37.366
2021-04-22 06:53:38,5935654.0,5937338.0,2021-04-22 06:53:38.382
2021-04-22 06:53:39,5935654.0,5937338.0,2021-04-22 06:53:39.409
2021-04-22 06:53:40,5935654.0,5937285.0,2021-04-22 06:53:40.425
2021-04-22 06:53:41,5935654.0,5937285.0,2021-04-22 06:53:41.441
2021-04-22 06:53:42,5935654.0,5937285.0,2021-04-22 06:53:42.458
2021-04-22 06:53:43,5935654.0,5937285.0,2021-04-22 06:53:43.551
2021-04-22 06:53:44,5935654.0,5937285.0,2021-04-22 06:53:44.565
2021-04-22 06:53:45,5935654.0,5937285.0,2021-04-22 06:53:45.574
2021-04-22 06:53:46,5935654.0,5937285.0,2021-04-22 06:53:46.864
2021-04-22 06:53:47,5935654.0,5937285.0,2021-04-22 06:53:47.890
2021-04-22 06:53:48,5935654.0,5937285.0,2021-04-22 06:53:48.920
2021-04-22 06:53:50,5935654.0,5937285.0,2021-04-22 06:53:49.974
2021-04-22 06:53:51,5935654.0,5937285.0,2021-04-22 06:53:51.038
2021-04-22 06:53:52,5935654.0,5937285.0,2021-04-22 06:53:52.122
2021-04-22 06:53:53,5935654.0,5937285.0,2021-04-22 06:53:53.147
2021-04-22 06:53:54,5935306.0,5937285.0,2021-04-22 06:53:54.167
2021-04-22 06:53:55,5935306.0,5937285.0,2021-04-22 06:53:55.183
2021-04-22 06:53:56,5935306.0,5937285.0,2021-04-22 06:53:56.206
2021-04-22 06:53:57,5935306.0,5937285.0,2021-04-22 06:53:57.229
2021-04-22 06:53:58,5935306.0,5937285.0,2021-04-22 06:53:58.252
2021-04-22 06:53:59,5935306.0,5937285.0,2021-04-22 06:53:59.306
2021-04-22 06:54:00,5935306.0,5937285.0,2021-04-22 06:54:00.349
2021-04-22 06:54:01,5936509.0,5937285.0,2021-04-22 06:54:01.369
2021-04-22 06:54:02,5936609.0,5937285.0,2021-04-22 06:54:02.380
2021-04-22 06:54:03,5936623.0,5937285.0,2021-04-22 06:54:03.416
2021-04-22 06:54:04,5936181.0,5937285.0,2021-04-22 06:54:04.430
2021-04-22 06:54:05,5936181.0,5937285.0,2021-04-22 06:54:05.446
2021-04-22 06:54:06,5936181.0,5937285.0,2021-04-22 06:54:06.493
2021-04-22 06:54:07,5936181.0,5937285.0,2021-04-22 06:54:07.507
2021-04-22 06:54:08,5936181.0,5937285.0,2021-04-22 06:54:08.551
2021-04-22 06:54:09,5936181.0,5937285.0,2021-04-22 06:54:09.573
2021-04-22 06:54:10,5936181.0,5937285.0,2021-04-22 06:54:10.647
2021-04-22 06:54:11,5936259.0,5937285.0,2021-04-22 06:54:11.662
2021-04-22 06:54:12,5936259.0,5937285.0,2021-04-22 06:54:12.670
2021-04-22 06:54:13,5936259.0,5937285.0,2021-04-22 06:54:13.678
2021-04-22 06:54:14,5936259.0,5938497.0,2021-04-22 06:54:14.725
2021-04-22 06:54:15,5936259.0,5938470.0,2021-04-22 06:54:15.763
2021-04-22 06:54:16,5936259.0,5938220.0,2021-04-22 06:54:16.792
2021-04-22 06:54:17,5936259.0,5938220.0,2021-04-22 06:54:17.842
2021-04-22 06:54:18,5936259.0,5938220.0,2021-04-22 06:54:18.851
2021-04-22 06:54:19,5936485.0,5938220.0,2021-04-22 06:54:19.894
2021-04-22 06:54:20,5936485.0,5938220.0,2021-04-22 06:54:20.928
2021-04-22 06:54:21,5936485.0,5938220.0,2021-04-22 06:54:21.951
2021-04-22 06:54:23,5936485.0,5938220.0,2021-04-22 06:54:23.031
2021-04-22 06:54:24,5936485.0,5938220.0,2021-04-22 06:54:24.039
2021-04-22 06:54:25,5936485.0,5938220.0,2021-04-22 06:54:25.068
2021-04-22 06:54:26,5936501.0,5938220.0,2021-04-22 06:54:26.078
2021-04-22 06:54:27,5936501.0,5938220.0,2021-04-22 06:54:27.126
2021-04-22 06:54:28,5936501.0,5938220.0,2021-04-22 06:54:28.210
2021-04-22 06:54:29,5936501.0,5938220.0,2021-04-22 06:54:29.215
2021-04-22 06:54:30,5936501.0,5938220.0,2021-04-22 06:54:30.236
2021-04-22 06:54:31,5936501.0,5938220.0,2021-04-22 06:54:31.300
2021-04-22 06:54:32,5936501.0,5938220.0,2021-04-22 06:54:32.357
2021-04-22 06:54:33,5936501.0,5938220.0,2021-04-22 06:54:33.398
2021-04-22 06:54:34,5936501.0,5938220.0,2021-04-22 06:54:34.420
2021-04-22 06:54:35,5936501.0,5938220.0,2021-04-22 06:54:35.428
2021-04-22 06:54:36,5936501.0,5938220.0,2021-04-22 06:54:36.435
2021-04-22 06:54:37,5936501.0,5938220.0,2021-04-22 06:54:37.445
2021-04-22 06:54:38,5936501.0,5938220.0,2021-04-22 06:54:38.451
2021-04-22 06:54:39,5936501.0,5938220.0,2021-04-22 06:54:39.478
2021-04-22 06:54:40,5936501.0,5938220.0,2021-04-22 06:54:40.512
2021-04-22 06:54:41,5936501.0,5938220.0,2021-04-22 06:54:41.536
2021-04-22 06:54:42,5936501.0,5938220.0,2021-04-22 06:54:42.552
2021-04-22 06:54:43,5936501.0,5938220.0,2021-04-22 06:54:43.626
2021-04-22 06:54:44,5936501.0,5938220.0,2021-04-22 06:54:44.651
2021-04-22 06:54:45,5936501.0,5938220.0,2021-04-22 06:54:45.672
2021-04-22 06:54:46,5936501.0,5938220.0,2021-04-22 06:54:46.717
2021-04-22 06:54:47,5936501.0,5938220.0,2021-04-22 06:54:47.745
2021-04-22 06:54:48,5936501.0,5938220.0,2021-04-22 06:54:48.766
2021-04-22 06:54:49,5936501.0,5938220.0,2021-04-22 06:54:49.774
2021-04-22 06:54:50,5936501.0,5938220.0,2021-04-22 06:54:50.780
2021-04-22 06:54:51,5936501.0,5938220.0,2021-04-22 06:54:51.792
2021-04-22 06:54:52,5936501.0,5938220.0,2021-04-22 06:54:52.801
2021-04-22 06:54:53,5936501.0,5938220.0,2021-04-22 06:54:53.830
2021-04-22 06:54:54,5936501.0,5938220.0,2021-04-22 06:54:54.858
2021-04-22 06:54:55,5936501.0,5938220.0,2021-04-22 06:54:55.868
2021-04-22 06:54:56,5936501.0,5938220.0,2021-04-22 06:54:56.906
2021-04-22 06:54:58,5936501.0,5938220.0,2021-04-22 06:54:58.063
2021-04-22 06:54:59,5936501.0,5938220.0,2021-04-22 06:54:59.129
2021-04-22 07:05:00,5933705.0,5933318.0,2021-04-22 07:05:00.807
2021-04-22 07:05:03,5933720.0,5933894.0,2021-04-22 07:05:03.501
2021-04-22 07:05:04,5933720.0,5933894.0,2021-04-22 07:05:04.509
2021-04-22 07:05:05,5933720.0,5933894.0,2021-04-22 07:05:05.541
2021-04-22 07:05:06,5933720.0,5933894.0,2021-04-22 07:05:06.551
2021-04-22 07:05:07,5933720.0,5933873.0,2021-04-22 07:05:07.567
2021-04-22 07:05:08,5933720.0,5933873.0,2021-04-22 07:05:08.630
2021-04-22 07:05:09,5933720.0,5933855.0,2021-04-22 07:05:09.649
2021-04-22 07:05:10,5933720.0,5933855.0,2021-04-22 07:05:10.681
2021-04-22 07:05:11,5933720.0,5933855.0,2021-04-22 07:05:11.695
2021-04-22 07:05:12,5932827.0,5933855.0,2021-04-22 07:05:12.714
2021-04-22 07:05:13,5930884.0,5931668.0,2021-04-22 07:05:13.731
2021-04-22 07:05:14,5930700.0,5931663.0,2021-04-22 07:05:14.737
2021-04-22 07:05:15,5930700.0,5931575.0,2021-04-22 07:05:15.759
2021-04-22 07:05:16,5930700.0,5931418.0,2021-04-22 07:05:16.774
2021-04-22 07:05:17,5930700.0,5931976.0,2021-04-22 07:05:17.861
2021-04-22 07:05:18,5930700.0,5931976.0,2021-04-22 07:05:18.897
2021-04-22 07:05:19,5930700.0,5931976.0,2021-04-22 07:05:19.926
2021-04-22 07:05:20,5930700.0,5931976.0,2021-04-22 07:05:20.985
2021-04-22 07:05:22,5930700.0,5931976.0,2021-04-22 07:05:22.026
2021-04-22 07:05:23,5931231.0,5931976.0,2021-04-22 07:05:23.042
2021-04-22 07:05:24,5932669.0,5932598.0,2021-04-22 07:05:24.060
2021-04-22 07:05:25,5933390.0,5932598.0,2021-04-22 07:05:25.071
2021-04-22 07:05:26,5933390.0,5932598.0,2021-04-22 07:05:26.089
2021-04-22 07:05:27,5933390.0,5934794.0,2021-04-22 07:05:27.155
2021-04-22 07:05:28,5933390.0,5934794.0,2021-04-22 07:05:28.187
2021-04-22 07:05:29,5933390.0,5934794.0,2021-04-22 07:05:29.214
2021-04-22 07:05:30,5933390.0,5934794.0,2021-04-22 07:05:30.233
2021-04-22 07:05:31,5933390.0,5934794.0,2021-04-22 07:05:31.318
2021-04-22 07:05:32,5933390.0,5934794.0,2021-04-22 07:05:32.404
2021-04-22 07:05:33,5933551.0,5934794.0,2021-04-22 07:05:33.509
2021-04-22 07:05:34,5933551.0,5934794.0,2021-04-22 07:05:34.519
2021-04-22 07:05:35,5933551.0,5934794.0,2021-04-22 07:05:35.638
2021-04-22 07:05:36,5933551.0,5934794.0,2021-04-22 07:05:36.657
2021-04-22 07:05:37,5933551.0,5934794.0,2021-04-22 07:05:37.670
2021-04-22 07:05:38,5933551.0,5934794.0,2021-04-22 07:05:38.683
2021-04-22 07:05:39,5933551.0,5934968.0,2021-04-22 07:05:39.712
2021-04-22 07:05:40,5933551.0,5934968.0,2021-04-22 07:05:40.723
2021-04-22 07:05:41,5933551.0,5934723.0,2021-04-22 07:05:41.877
2021-04-22 07:05:42,5933551.0,5934577.0,2021-04-22 07:05:42.901
2021-04-22 07:05:43,5933551.0,5934577.0,2021-04-22 07:05:43.913
2021-04-22 07:05:44,5933694.0,5934577.0,2021-04-22 07:05:44.926
2021-04-22 07:05:45,5933694.0,5934577.0,2021-04-22 07:05:45.975
2021-04-22 07:05:47,5933694.0,5934577.0,2021-04-22 07:05:47.003
2021-04-22 07:05:48,5933694.0,5934577.0,2021-04-22 07:05:48.115
2021-04-22 07:05:49,5933694.0,5934577.0,2021-04-22 07:05:49.141
2021-04-22 07:05:50,5933694.0,5934577.0,2021-04-22 07:05:50.168
2021-04-22 07:05:51,5933694.0,5934577.0,2021-04-22 07:05:51.205
2021-04-22 07:05:52,5933694.0,5934577.0,2021-04-22 07:05:52.223
2021-04-22 07:05:53,5933694.0,5934577.0,2021-04-22 07:05:53.275
2021-04-22 07:05:54,5933694.0,5934577.0,2021-04-22 07:05:54.340
2021-04-22 07:05:55,5933694.0,5934577.0,2021-04-22 07:05:55.344
2021-04-22 07:05:56,5933694.0,5934577.0,2021-04-22 07:05:56.393
2021-04-22 07:05:57,5933694.0,5934577.0,2021-04-22 07:05:57.450
2021-04-22 07:05:58,5933694.0,5934577.0,2021-04-22 07:05:58.493
2021-04-22 07:05:59,5933694.0,5934577.0,2021-04-22 07:05:59.524
2021-04-22 07:06:00,5933390.0,5934577.0,2021-04-22 07:06:00.547
2021-04-22 07:06:01,5933390.0,5934577.0,2021-04-22 07:06:01.573
2021-04-22 07:06:02,5933551.0,5934577.0,2021-04-22 07:06:02.605
2021-04-22 07:06:03,5933551.0,5934577.0,2021-04-22 07:06:03.783
2021-04-22 07:06:04,5933551.0,5934577.0,2021-04-22 07:06:04.842
2021-04-22 07:06:05,5933551.0,5934577.0,2021-04-22 07:06:05.856
2021-04-22 07:06:06,5933551.0,5934577.0,2021-04-22 07:06:06.886
2021-04-22 07:06:07,5933551.0,5934577.0,2021-04-22 07:06:07.905
2021-04-22 07:06:09,5933551.0,5934577.0,2021-04-22 07:06:08.993
2021-04-22 07:06:10,5933602.0,5934577.0,2021-04-22 07:06:10.051
2021-04-22 07:06:11,5933602.0,5934577.0,2021-04-22 07:06:11.182
2021-04-22 07:06:12,5933602.0,5934577.0,2021-04-22 07:06:12.198
2021-04-22 07:06:13,5933602.0,5934577.0,2021-04-22 07:06:13.244
2021-04-22 07:06:14,5933602.0,5934577.0,2021-04-22 07:06:14.261
2021-04-22 07:06:15,5933602.0,5934577.0,2021-04-22 07:06:15.284
2021-04-22 07:06:16,5933602.0,5934577.0,2021-04-22 07:06:16.312
2021-04-22 07:06:17,5933602.0,5934577.0,2021-04-22 07:06:17.328
2021-04-22 07:06:18,5933602.0,5934577.0,2021-04-22 07:06:18.406
2021-04-22 07:06:19,5933602.0,5934577.0,2021-04-22 07:06:19.458
2021-04-22 07:06:20,5933602.0,5934577.0,2021-04-22 07:06:20.559
2021-04-22 07:06:21,5933602.0,5934577.0,2021-04-22 07:06:21.600
2021-04-22 07:06:22,5933602.0,5934577.0,2021-04-22 07:06:22.611
2021-04-22 07:06:23,5933602.0,5934577.0,2021-04-22 07:06:23.634
2021-04-22 07:06:24,5933602.0,5935506.0,2021-04-22 07:06:24.679
2021-04-22 07:06:25,5933602.0,5935414.0,2021-04-22 07:06:25.694
2021-04-22 07:06:26,5933602.0,5935211.0,2021-04-22 07:06:26.722
2021-04-22 07:06:27,5933602.0,5935211.0,2021-04-22 07:06:27.745
2021-04-22 07:06:28,5933602.0,5935211.0,2021-04-22 07:06:28.809
2021-04-22 07:06:29,5933602.0,5935211.0,2021-04-22 07:06:29.838
2021-04-22 07:06:30,5933602.0,5935211.0,2021-04-22 07:06:30.906
2021-04-22 07:06:31,5933602.0,5935513.0,2021-04-22 07:06:31.977
2021-04-22 07:06:32,5933602.0,5935449.0,2021-04-22 07:06:32.983
2021-04-22 07:06:33,5933602.0,5935449.0,2021-04-22 07:06:33.989
2021-04-22 07:06:35,5933602.0,5935449.0,2021-04-22 07:06:35.003
2021-04-22 07:06:36,5933602.0,5935449.0,2021-04-22 07:06:36.013
2021-04-22 07:06:37,5933602.0,5935449.0,2021-04-22 07:06:37.044
2021-04-22 07:06:38,5933602.0,5935449.0,2021-04-22 07:06:38.062
2021-04-22 07:06:39,5935588.0,5935635.0,2021-04-22 07:06:39.093
2021-04-22 07:06:40,5936367.0,5937183.0,2021-04-22 07:06:40.864
2021-04-22 07:06:41,5936367.0,5937183.0,2021-04-22 07:06:41.906
2021-04-22 07:06:42,5935589.0,5937183.0,2021-04-22 07:06:42.952
2021-04-22 07:06:44,5935589.0,5937183.0,2021-04-22 07:06:44.057
2021-04-22 07:06:45,5935589.0,5937177.0,2021-04-22 07:06:45.066
2021-04-22 07:06:46,5935712.0,5937177.0,2021-04-22 07:06:46.077
2021-04-22 07:06:47,5935712.0,5937177.0,2021-04-22 07:06:47.095
2021-04-22 07:06:48,5935712.0,5937177.0,2021-04-22 07:06:48.110
2021-04-22 07:06:49,5935712.0,5937462.0,2021-04-22 07:06:49.148
2021-04-22 07:06:50,5935767.0,5937366.0,2021-04-22 07:06:50.266
2021-04-22 07:06:51,5935767.0,5937366.0,2021-04-22 07:06:51.298
2021-04-22 07:06:52,5935767.0,5937366.0,2021-04-22 07:06:52.337
2021-04-22 07:06:53,5935769.0,5937366.0,2021-04-22 07:06:53.372
2021-04-22 07:06:54,5935769.0,5937366.0,2021-04-22 07:06:54.434
2021-04-22 07:06:55,5937515.0,5937508.0,2021-04-22 07:06:55.526
2021-04-22 07:06:56,5937515.0,5937508.0,2021-04-22 07:06:56.558
2021-04-22 07:06:57,5937515.0,5937508.0,2021-04-22 07:06:57.576
2021-04-22 07:06:58,5937515.0,5937508.0,2021-04-22 07:06:58.661
2021-04-22 07:06:59,5937685.0,5937643.0,2021-04-22 07:06:59.684
2021-04-22 07:07:00,5937685.0,5937643.0,2021-04-22 07:07:00.704
2021-04-22 07:07:01,5937685.0,5937643.0,2021-04-22 07:07:01.762
2021-04-22 07:07:02,5937685.0,5937643.0,2021-04-22 07:07:02.795
2021-04-22 07:07:03,5937685.0,5937643.0,2021-04-22 07:07:03.819
2021-04-22 07:07:04,5937685.0,5937643.0,2021-04-22 07:07:04.830
2021-04-22 07:07:05,5937685.0,5937643.0,2021-04-22 07:07:05.847
2021-04-22 07:07:06,5937625.0,5937643.0,2021-04-22 07:07:06.865
2021-04-22 07:07:07,5937280.0,5936802.0,2021-04-22 07:07:07.903
2021-04-22 07:07:08,5937280.0,5936802.0,2021-04-22 07:07:08.925
2021-04-22 07:07:09,5937280.0,5936802.0,2021-04-22 07:07:09.934
2021-04-22 07:07:11,5937280.0,5936802.0,2021-04-22 07:07:11.033
2021-04-22 07:07:12,5937280.0,5936802.0,2021-04-22 07:07:12.091
2021-04-22 07:07:13,5937280.0,5936802.0,2021-04-22 07:07:13.119
2021-04-22 07:07:14,5937280.0,5936802.0,2021-04-22 07:07:14.152
2021-04-22 07:07:15,5937280.0,5936802.0,2021-04-22 07:07:15.188
2021-04-22 07:07:16,5937280.0,5936802.0,2021-04-22 07:07:16.269
2021-04-22 07:07:17,5937280.0,5936802.0,2021-04-22 07:07:17.325
2021-04-22 07:07:18,5937280.0,5936802.0,2021-04-22 07:07:18.337
2021-04-22 07:07:19,5937280.0,5936802.0,2021-04-22 07:07:19.350
2021-04-22 07:07:20,5937280.0,5936802.0,2021-04-22 07:07:20.361
2021-04-22 07:07:21,5937280.0,5936802.0,2021-04-22 07:07:21.421
2021-04-22 07:07:22,5937280.0,5936802.0,2021-04-22 07:07:22.438
2021-04-22 07:07:23,5937280.0,5939388.0,2021-04-22 07:07:23.447
2021-04-22 07:07:24,5937834.0,5939388.0,2021-04-22 07:07:24.476
2021-04-22 07:07:25,5939999.0,5940587.0,2021-04-22 07:07:25.533
2021-04-22 07:07:27,5939397.0,5940878.0,2021-04-22 07:07:27.204
2021-04-22 07:07:28,5939564.0,5940878.0,2021-04-22 07:07:28.218
2021-04-22 07:07:29,5939564.0,5940878.0,2021-04-22 07:07:29.229
2021-04-22 07:07:30,5939564.0,5940878.0,2021-04-22 07:07:30.282
2021-04-22 07:07:31,5939564.0,5940617.0,2021-04-22 07:07:31.422
2021-04-22 07:07:32,5939564.0,5940617.0,2021-04-22 07:07:32.446
2021-04-22 07:07:34,5939564.0,5941969.0,2021-04-22 07:07:34.281
2021-04-22 07:07:35,5939564.0,5941646.0,2021-04-22 07:07:35.431
2021-04-22 07:07:36,5939564.0,5941646.0,2021-04-22 07:07:36.459
2021-04-22 07:07:37,5939564.0,5941646.0,2021-04-22 07:07:37.464
2021-04-22 07:07:38,5939564.0,5941646.0,2021-04-22 07:07:38.468
2021-04-22 07:07:39,5939564.0,5941646.0,2021-04-22 07:07:39.558
2021-04-22 07:07:40,5939564.0,5941646.0,2021-04-22 07:07:40.573
2021-04-22 07:07:41,5939564.0,5941646.0,2021-04-22 07:07:41.586
2021-04-22 07:07:42,5939564.0,5941646.0,2021-04-22 07:07:42.626
2021-04-22 07:07:43,5939564.0,5941646.0,2021-04-22 07:07:43.695
2021-04-22 07:07:44,5939564.0,5941353.0,2021-04-22 07:07:44.760
2021-04-22 07:07:45,5939564.0,5941158.0,2021-04-22 07:07:45.780
2021-04-22 07:07:46,5939564.0,5941158.0,2021-04-22 07:07:46.792
2021-04-22 07:07:47,5939564.0,5941158.0,2021-04-22 07:07:47.918
2021-04-22 07:07:48,5939564.0,5941158.0,2021-04-22 07:07:48.924
2021-04-22 07:07:49,5939564.0,5941158.0,2021-04-22 07:07:49.948
2021-04-22 07:07:50,5939564.0,5941158.0,2021-04-22 07:07:50.981
2021-04-22 07:07:52,5939564.0,5941158.0,2021-04-22 07:07:52.013
2021-04-22 07:07:53,5939564.0,5941158.0,2021-04-22 07:07:53.051
2021-04-22 07:07:54,5939564.0,5941158.0,2021-04-22 07:07:54.072
2021-04-22 07:07:55,5939564.0,5941158.0,2021-04-22 07:07:55.085
2021-04-22 07:07:56,5939564.0,5940584.0,2021-04-22 07:07:56.130
2021-04-22 07:07:57,5940132.0,5940584.0,2021-04-22 07:07:57.158
2021-04-22 07:07:58,5940132.0,5940584.0,2021-04-22 07:07:58.245
2021-04-22 07:07:59,5940132.0,5940584.0,2021-04-22 07:07:59.271
2021-04-22 07:08:00,5941159.0,5940584.0,2021-04-22 07:08:00.295
2021-04-22 07:08:01,5940132.0,5940584.0,2021-04-22 07:08:01.307
2021-04-22 07:08:02,5940132.0,5940584.0,2021-04-22 07:08:02.332
2021-04-22 07:08:04,5940132.0,5942004.0,2021-04-22 07:08:04.179
2021-04-22 07:08:05,5940132.0,5942004.0,2021-04-22 07:08:05.215
2021-04-22 07:08:06,5940132.0,5942004.0,2021-04-22 07:08:06.264
2021-04-22 07:08:07,5940132.0,5942004.0,2021-04-22 07:08:07.285
2021-04-22 07:08:08,5940132.0,5941832.0,2021-04-22 07:08:08.307
2021-04-22 07:08:09,5940132.0,5941832.0,2021-04-22 07:08:09.326
2021-04-22 07:08:10,5940132.0,5941482.0,2021-04-22 07:08:10.452
2021-04-22 07:08:11,5940132.0,5941482.0,2021-04-22 07:08:11.476
2021-04-22 07:08:12,5940132.0,5941482.0,2021-04-22 07:08:12.498
2021-04-22 07:08:13,5940132.0,5941024.0,2021-04-22 07:08:13.668
2021-04-22 07:08:14,5940146.0,5941024.0,2021-04-22 07:08:14.686
2021-04-22 07:08:15,5939038.0,5941024.0,2021-04-22 07:08:15.711
2021-04-22 07:08:16,5938938.0,5938650.0,2021-04-22 07:08:16.797
2021-04-22 07:08:17,5938938.0,5938650.0,2021-04-22 07:08:17.806
2021-04-22 07:08:18,5938938.0,5938650.0,2021-04-22 07:08:18.819
2021-04-22 07:08:19,5938938.0,5938650.0,2021-04-22 07:08:19.880
2021-04-22 07:08:20,5938938.0,5938650.0,2021-04-22 07:08:20.941
2021-04-22 07:08:21,5938938.0,5938650.0,2021-04-22 07:08:21.989
2021-04-22 07:08:23,5938938.0,5938650.0,2021-04-22 07:08:23.161
2021-04-22 07:08:24,5938938.0,5938650.0,2021-04-22 07:08:24.184
2021-04-22 07:08:25,5938938.0,5938650.0,2021-04-22 07:08:25.197
2021-04-22 07:08:26,5938938.0,5938650.0,2021-04-22 07:08:26.297
2021-04-22 07:08:27,5938938.0,5938650.0,2021-04-22 07:08:27.322
2021-04-22 07:08:28,5938938.0,5938650.0,2021-04-22 07:08:28.332
2021-04-22 07:08:29,5938938.0,5938650.0,2021-04-22 07:08:29.344
2021-04-22 07:08:30,5938938.0,5938650.0,2021-04-22 07:08:30.359
2021-04-22 07:08:31,5939028.0,5938650.0,2021-04-22 07:08:31.363
2021-04-22 07:08:32,5939031.0,5940002.0,2021-04-22 07:08:32.367
2021-04-22 07:08:33,5939128.0,5941249.0,2021-04-22 07:08:33.380
2021-04-22 07:08:34,5939128.0,5941016.0,2021-04-22 07:08:34.390
2021-04-22 07:08:35,5939128.0,5940809.0,2021-04-22 07:08:35.406
2021-04-22 07:08:36,5939128.0,5940809.0,2021-04-22 07:08:36.423
2021-04-22 07:08:37,5939128.0,5940809.0,2021-04-22 07:08:37.435
2021-04-22 07:08:38,5939128.0,5940809.0,2021-04-22 07:08:38.461
2021-04-22 07:08:39,5938752.0,5938700.0,2021-04-22 07:08:39.501
2021-04-22 07:08:40,5938752.0,5938700.0,2021-04-22 07:08:40.557
2021-04-22 07:08:41,5938991.0,5938700.0,2021-04-22 07:08:41.581
2021-04-22 07:08:42,5938997.0,5938700.0,2021-04-22 07:08:42.640
2021-04-22 07:08:43,5938997.0,5938700.0,2021-04-22 07:08:43.655
2021-04-22 07:08:44,5938997.0,5938700.0,2021-04-22 07:08:44.714
2021-04-22 07:08:45,5938997.0,5938700.0,2021-04-22 07:08:45.760
2021-04-22 07:08:46,5938997.0,5938700.0,2021-04-22 07:08:46.805
2021-04-22 07:08:47,5938997.0,5938700.0,2021-04-22 07:08:47.831
2021-04-22 07:08:48,5938997.0,5938700.0,2021-04-22 07:08:48.851
2021-04-22 07:08:49,5938997.0,5938700.0,2021-04-22 07:08:49.910
2021-04-22 07:08:50,5938997.0,5938700.0,2021-04-22 07:08:50.968
2021-04-22 07:08:52,5938997.0,5938604.0,2021-04-22 07:08:51.994
2021-04-22 07:08:53,5938997.0,5938493.0,2021-04-22 07:08:53.029
2021-04-22 07:08:54,5938997.0,5938493.0,2021-04-22 07:08:54.056
2021-04-22 07:08:55,5938997.0,5938493.0,2021-04-22 07:08:55.095
2021-04-22 07:08:56,5938997.0,5938493.0,2021-04-22 07:08:56.109
2021-04-22 07:08:57,5938997.0,5939453.0,2021-04-22 07:08:57.130
2021-04-22 07:08:58,5937558.0,5937485.0,2021-04-22 07:08:58.161
2021-04-22 07:08:59,5937558.0,5937485.0,2021-04-22 07:08:59.205
2021-04-22 07:09:00,5938093.0,5937485.0,2021-04-22 07:09:00.256
2021-04-22 07:09:01,5938169.0,5937485.0,2021-04-22 07:09:01.296
2021-04-22 07:09:02,5938169.0,5937485.0,2021-04-22 07:09:02.333
2021-04-22 07:09:03,5938169.0,5937485.0,2021-04-22 07:09:03.347
2021-04-22 07:09:04,5938169.0,5937485.0,2021-04-22 07:09:04.405
2021-04-22 07:09:05,5938169.0,5937485.0,2021-04-22 07:09:05.493
2021-04-22 07:09:06,5938169.0,5937485.0,2021-04-22 07:09:06.498
2021-04-22 07:09:07,5938169.0,5937485.0,2021-04-22 07:09:07.505
2021-04-22 07:09:08,5938169.0,5937485.0,2021-04-22 07:09:08.529
2021-04-22 07:09:09,5938169.0,5937485.0,2021-04-22 07:09:09.549
2021-04-22 07:09:10,5938169.0,5938666.0,2021-04-22 07:09:10.579
2021-04-22 07:09:11,5938169.0,5940254.0,2021-04-22 07:09:11.740
2021-04-22 07:09:12,5938169.0,5940254.0,2021-04-22 07:09:12.767
2021-04-22 07:09:13,5938169.0,5940254.0,2021-04-22 07:09:13.771
2021-04-22 07:09:14,5938169.0,5940136.0,2021-04-22 07:09:14.817
2021-04-22 07:09:15,5938169.0,5940106.0,2021-04-22 07:09:15.847
2021-04-22 07:09:16,5938169.0,5939596.0,2021-04-22 07:09:16.917
2021-04-22 07:09:17,5938169.0,5939797.0,2021-04-22 07:09:17.932
2021-04-22 07:09:19,5938169.0,5939560.0,2021-04-22 07:09:18.976
2021-04-22 07:09:20,5938169.0,5939239.0,2021-04-22 07:09:20.067
2021-04-22 07:09:21,5938169.0,5939249.0,2021-04-22 07:09:21.077
2021-04-22 07:09:22,5938169.0,5939095.0,2021-04-22 07:09:22.149
2021-04-22 07:09:23,5938169.0,5939095.0,2021-04-22 07:09:23.182
2021-04-22 07:09:24,5938169.0,5939095.0,2021-04-22 07:09:24.197
2021-04-22 07:09:25,5938169.0,5938159.0,2021-04-22 07:09:25.261
2021-04-22 07:09:26,5938169.0,5938093.0,2021-04-22 07:09:26.349
2021-04-22 07:09:27,5937303.0,5937933.0,2021-04-22 07:09:27.373
2021-04-22 07:09:28,5937303.0,5937933.0,2021-04-22 07:09:28.404
2021-04-22 07:09:29,5936425.0,5937045.0,2021-04-22 07:09:29.528
2021-04-22 07:09:30,5936355.0,5936000.0,2021-04-22 07:09:30.551
2021-04-22 07:09:31,5936355.0,5935855.0,2021-04-22 07:09:31.603
2021-04-22 07:09:32,5935549.0,5935855.0,2021-04-22 07:09:32.613
2021-04-22 07:09:33,5935550.0,5935855.0,2021-04-22 07:09:33.697
2021-04-22 07:09:34,5935613.0,5935855.0,2021-04-22 07:09:34.799
2021-04-22 07:09:35,5935613.0,5935855.0,2021-04-22 07:09:35.811
2021-04-22 07:09:36,5935683.0,5935855.0,2021-04-22 07:09:36.823
2021-04-22 07:09:37,5935761.0,5935855.0,2021-04-22 07:09:37.850
2021-04-22 07:09:38,5935761.0,5935855.0,2021-04-22 07:09:38.867
2021-04-22 07:09:39,5935761.0,5935855.0,2021-04-22 07:09:39.896
2021-04-22 07:09:40,5935767.0,5935855.0,2021-04-22 07:09:40.920
2021-04-22 07:09:42,5935855.0,5935855.0,2021-04-22 07:09:42.043
2021-04-22 07:09:43,5935855.0,5937468.0,2021-04-22 07:09:43.077
2021-04-22 07:09:44,5935886.0,5937468.0,2021-04-22 07:09:44.195
2021-04-22 07:09:45,5935889.0,5938159.0,2021-04-22 07:09:45.245
2021-04-22 07:09:46,5935889.0,5938158.0,2021-04-22 07:09:46.314
2021-04-22 07:09:47,5935889.0,5938158.0,2021-04-22 07:09:47.327
2021-04-22 07:09:48,5935889.0,5938158.0,2021-04-22 07:09:48.425
2021-04-22 07:09:49,5935889.0,5938158.0,2021-04-22 07:09:49.452
2021-04-22 07:09:50,5935889.0,5938158.0,2021-04-22 07:09:50.615
2021-04-22 07:09:51,5938780.0,5938756.0,2021-04-22 07:09:51.679
2021-04-22 07:09:52,5935889.0,5938180.0,2021-04-22 07:09:52.714
2021-04-22 07:09:53,5935889.0,5938180.0,2021-04-22 07:09:53.737
2021-04-22 07:09:54,5936514.0,5938180.0,2021-04-22 07:09:54.786
2021-04-22 07:09:55,5936514.0,5938180.0,2021-04-22 07:09:55.827
2021-04-22 07:09:56,5936514.0,5938180.0,2021-04-22 07:09:56.845
2021-04-22 07:09:57,5937586.0,5938180.0,2021-04-22 07:09:57.877
2021-04-22 07:09:59,5937586.0,5938180.0,2021-04-22 07:09:59.018
2021-04-22 07:10:00,5937586.0,5938180.0,2021-04-22 07:10:00.041
2021-04-22 07:10:01,5936514.0,5938180.0,2021-04-22 07:10:01.048
2021-04-22 07:10:02,5937585.0,5938180.0,2021-04-22 07:10:02.156
2021-04-22 07:10:03,5937585.0,5938331.0,2021-04-22 07:10:03.219
2021-04-22 07:10:04,5937585.0,5938289.0,2021-04-22 07:10:04.248
2021-04-22 07:10:05,5937656.0,5938289.0,2021-04-22 07:10:05.281
2021-04-22 07:10:06,5937656.0,5938289.0,2021-04-22 07:10:06.411
2021-04-22 07:10:07,5937686.0,5939350.0,2021-04-22 07:10:07.449
2021-04-22 07:10:08,5937686.0,5939350.0,2021-04-22 07:10:08.471
2021-04-22 07:10:09,5937686.0,5939165.0,2021-04-22 07:10:09.645
2021-04-22 07:10:10,5937686.0,5939165.0,2021-04-22 07:10:10.678
2021-04-22 07:10:11,5937686.0,5939165.0,2021-04-22 07:10:11.726
2021-04-22 07:10:12,5937686.0,5939165.0,2021-04-22 07:10:12.742
2021-04-22 07:10:13,5937686.0,5939100.0,2021-04-22 07:10:13.777
2021-04-22 07:10:14,5937686.0,5939100.0,2021-04-22 07:10:14.823
2021-04-22 07:10:15,5935788.0,5937650.0,2021-04-22 07:10:15.832
2021-04-22 07:10:16,5934982.0,5937336.0,2021-04-22 07:10:16.855
2021-04-22 07:10:17,5934982.0,5936698.0,2021-04-22 07:10:17.885
2021-04-22 07:10:18,5934982.0,5935956.0,2021-04-22 07:10:18.899
2021-04-22 07:10:19,5934982.0,5935865.0,2021-04-22 07:10:19.920
2021-04-22 07:10:20,5934982.0,5935792.0,2021-04-22 07:10:20.945
2021-04-22 07:10:21,5934982.0,5935792.0,2021-04-22 07:10:21.979
2021-04-22 07:10:22,5934982.0,5935588.0,2021-04-22 07:10:22.985
2021-04-22 07:10:24,5934982.0,5935309.0,2021-04-22 07:10:24.229
2021-04-22 07:10:25,5934982.0,5935154.0,2021-04-22 07:10:25.255
2021-04-22 07:10:26,5934982.0,5935154.0,2021-04-22 07:10:26.309
2021-04-22 07:10:27,5934982.0,5935154.0,2021-04-22 07:10:27.364
2021-04-22 07:10:28,5934982.0,5935154.0,2021-04-22 07:10:28.407
2021-04-22 07:10:29,5933390.0,5933939.0,2021-04-22 07:10:29.435
2021-04-22 07:10:30,5932259.0,5932260.0,2021-04-22 07:10:30.517
2021-04-22 07:10:31,5932259.0,5932260.0,2021-04-22 07:10:31.588
2021-04-22 07:10:32,5932259.0,5932260.0,2021-04-22 07:10:32.603
2021-04-22 07:10:33,5932259.0,5932260.0,2021-04-22 07:10:33.636
2021-04-22 07:10:34,5932259.0,5932260.0,2021-04-22 07:10:34.746
2021-04-22 07:10:35,5932420.0,5932260.0,2021-04-22 07:10:35.776
2021-04-22 07:10:36,5932420.0,5932260.0,2021-04-22 07:10:36.806
2021-04-22 07:10:37,5932420.0,5932260.0,2021-04-22 07:10:37.823
2021-04-22 07:10:38,5932420.0,5932260.0,2021-04-22 07:10:38.828
2021-04-22 07:10:39,5932420.0,5932260.0,2021-04-22 07:10:39.841
2021-04-22 07:10:40,5932420.0,5932248.0,2021-04-22 07:10:40.853
2021-04-22 07:10:41,5932420.0,5932248.0,2021-04-22 07:10:41.866
2021-04-22 07:10:43,5932421.0,5932248.0,2021-04-22 07:10:43.104
2021-04-22 07:10:44,5932421.0,5932248.0,2021-04-22 07:10:44.149
2021-04-22 07:10:45,5932421.0,5932248.0,2021-04-22 07:10:45.186
2021-04-22 07:10:46,5932421.0,5932248.0,2021-04-22 07:10:46.211
2021-04-22 07:10:47,5932420.0,5932248.0,2021-04-22 07:10:47.222
2021-04-22 07:10:48,5932540.0,5932248.0,2021-04-22 07:10:48.233
2021-04-22 07:10:49,5932540.0,5932248.0,2021-04-22 07:10:49.248
2021-04-22 07:10:50,5932540.0,5932248.0,2021-04-22 07:10:50.339
2021-04-22 07:10:51,5932540.0,5932248.0,2021-04-22 07:10:51.363
2021-04-22 07:10:52,5932540.0,5932248.0,2021-04-22 07:10:52.378
2021-04-22 07:10:53,5932540.0,5932248.0,2021-04-22 07:10:53.401
2021-04-22 07:10:54,5932540.0,5932248.0,2021-04-22 07:10:54.482
2021-04-22 07:10:55,5932540.0,5932248.0,2021-04-22 07:10:55.507
2021-04-22 07:10:56,5932540.0,5932248.0,2021-04-22 07:10:56.523
2021-04-22 07:10:57,5932540.0,5932248.0,2021-04-22 07:10:57.536
2021-04-22 07:10:58,5932540.0,5932248.0,2021-04-22 07:10:58.574
2021-04-22 07:10:59,5932540.0,5932248.0,2021-04-22 07:10:59.697
2021-04-22 07:11:00,5932540.0,5932248.0,2021-04-22 07:11:00.725
2021-04-22 07:11:01,5932540.0,5932248.0,2021-04-22 07:11:01.746
2021-04-22 07:11:02,5932540.0,5932248.0,2021-04-22 07:11:02.755
2021-04-22 07:11:03,5932540.0,5932248.0,2021-04-22 07:11:03.767
2021-04-22 07:11:04,5932540.0,5932248.0,2021-04-22 07:11:04.777
2021-04-22 07:11:05,5932540.0,5932248.0,2021-04-22 07:11:05.824
2021-04-22 07:11:06,5932540.0,5932248.0,2021-04-22 07:11:06.838
2021-04-22 07:11:07,5932540.0,5932248.0,2021-04-22 07:11:07.992
2021-04-22 07:11:09,5932540.0,5932248.0,2021-04-22 07:11:08.998
2021-04-22 07:11:10,5932540.0,5932248.0,2021-04-22 07:11:10.058
2021-04-22 07:11:11,5932540.0,5932248.0,2021-04-22 07:11:11.089
2021-04-22 07:11:12,5932540.0,5932248.0,2021-04-22 07:11:12.114
2021-04-22 07:11:13,5932540.0,5932248.0,2021-04-22 07:11:13.211
2021-04-22 07:11:14,5932540.0,5932248.0,2021-04-22 07:11:14.290
2021-04-22 07:11:15,5931516.0,5931440.0,2021-04-22 07:11:15.326
2021-04-22 07:11:16,5931516.0,5931440.0,2021-04-22 07:11:16.366
2021-04-22 07:11:17,5931516.0,5931440.0,2021-04-22 07:11:17.442
2021-04-22 07:11:18,5931516.0,5931440.0,2021-04-22 07:11:18.451
2021-04-22 07:11:19,5931516.0,5931440.0,2021-04-22 07:11:19.540
2021-04-22 07:11:20,5930647.0,5931440.0,2021-04-22 07:11:20.698
2021-04-22 07:11:21,5930647.0,5932052.0,2021-04-22 07:11:21.705
2021-04-22 07:11:22,5930647.0,5932052.0,2021-04-22 07:11:22.713
2021-04-22 07:11:23,5930647.0,5932052.0,2021-04-22 07:11:23.718
2021-04-22 07:11:24,5930647.0,5932052.0,2021-04-22 07:11:24.725
2021-04-22 07:11:25,5930647.0,5932052.0,2021-04-22 07:11:25.943
2021-04-22 07:11:26,5930647.0,5931885.0,2021-04-22 07:11:26.950
2021-04-22 07:11:27,5930647.0,5931712.0,2021-04-22 07:11:27.977
2021-04-22 07:11:29,5930647.0,5931712.0,2021-04-22 07:11:29.041
2021-04-22 07:11:30,5930647.0,5932011.0,2021-04-22 07:11:30.137
2021-04-22 07:11:31,5930647.0,5932011.0,2021-04-22 07:11:31.193
2021-04-22 07:11:32,5930647.0,5932011.0,2021-04-22 07:11:32.234
2021-04-22 07:11:33,5930647.0,5932011.0,2021-04-22 07:11:33.317
2021-04-22 07:11:34,5930647.0,5932011.0,2021-04-22 07:11:34.425
2021-04-22 07:11:35,5930647.0,5932011.0,2021-04-22 07:11:35.482
2021-04-22 07:11:36,5930647.0,5932011.0,2021-04-22 07:11:36.496
2021-04-22 07:11:37,5930647.0,5932011.0,2021-04-22 07:11:37.547
2021-04-22 07:11:38,5930755.0,5932570.0,2021-04-22 07:11:38.578
2021-04-22 07:11:39,5932016.0,5932958.0,2021-04-22 07:11:39.678
2021-04-22 07:11:40,5932016.0,5932734.0,2021-04-22 07:11:40.732
2021-04-22 07:11:41,5932016.0,5932734.0,2021-04-22 07:11:41.826
2021-04-22 07:11:42,5932016.0,5932478.0,2021-04-22 07:11:42.847
2021-04-22 07:11:43,5932016.0,5932478.0,2021-04-22 07:11:43.850
2021-04-22 07:11:44,5932016.0,5932478.0,2021-04-22 07:11:44.881
2021-04-22 07:11:45,5932016.0,5932478.0,2021-04-22 07:11:45.946
2021-04-22 07:11:46,5931868.0,5932478.0,2021-04-22 07:11:46.956
2021-04-22 07:11:48,5931868.0,5932478.0,2021-04-22 07:11:47.990
2021-04-22 07:11:49,5931868.0,5932225.0,2021-04-22 07:11:49.012
2021-04-22 07:11:50,5930514.0,5931872.0,2021-04-22 07:11:50.032
2021-04-22 07:11:51,5930514.0,5930514.0,2021-04-22 07:11:51.053
2021-04-22 07:11:52,5930514.0,5930514.0,2021-04-22 07:11:52.102
2021-04-22 07:11:53,5930514.0,5930514.0,2021-04-22 07:11:53.172
2021-04-22 07:11:54,5930514.0,5930514.0,2021-04-22 07:11:54.275
2021-04-22 07:11:55,5930514.0,5930514.0,2021-04-22 07:11:55.307
2021-04-22 07:11:56,5930514.0,5930514.0,2021-04-22 07:11:56.348
2021-04-22 07:11:57,5930514.0,5930514.0,2021-04-22 07:11:57.368
2021-04-22 07:11:58,5930514.0,5930514.0,2021-04-22 07:11:58.376
2021-04-22 07:11:59,5930514.0,5930514.0,2021-04-22 07:11:59.389
2021-04-22 07:12:00,5930514.0,5930514.0,2021-04-22 07:12:00.422
2021-04-22 07:12:01,5930514.0,5930514.0,2021-04-22 07:12:01.456
2021-04-22 07:12:02,5930514.0,5931590.0,2021-04-22 07:12:02.478
2021-04-22 07:12:03,5930514.0,5930961.0,2021-04-22 07:12:03.486
2021-04-22 07:12:04,5930514.0,5930961.0,2021-04-22 07:12:04.502
2021-04-22 07:12:05,5930514.0,5930961.0,2021-04-22 07:12:05.638
2021-04-22 07:12:06,5930514.0,5930961.0,2021-04-22 07:12:06.658
2021-04-22 07:12:07,5930514.0,5930961.0,2021-04-22 07:12:07.703
2021-04-22 07:12:08,5930514.0,5930961.0,2021-04-22 07:12:08.710
2021-04-22 07:12:09,5931591.0,5930961.0,2021-04-22 07:12:09.717
2021-04-22 07:12:10,5931682.0,5930961.0,2021-04-22 07:12:10.784
2021-04-22 07:12:11,5931804.0,5930961.0,2021-04-22 07:12:11.902
2021-04-22 07:12:12,5931804.0,5930961.0,2021-04-22 07:12:12.987
2021-04-22 07:12:14,5931804.0,5930961.0,2021-04-22 07:12:14.002
2021-04-22 07:12:15,5931977.0,5930961.0,2021-04-22 07:12:15.071
2021-04-22 07:12:16,5931983.0,5930961.0,2021-04-22 07:12:16.079
2021-04-22 07:12:17,5931983.0,5930961.0,2021-04-22 07:12:17.084
2021-04-22 07:12:18,5931983.0,5930961.0,2021-04-22 07:12:18.146
2021-04-22 07:12:19,5931983.0,5930961.0,2021-04-22 07:12:19.192
2021-04-22 07:12:20,5931983.0,5930961.0,2021-04-22 07:12:20.290
2021-04-22 07:12:21,5931983.0,5930961.0,2021-04-22 07:12:21.350
2021-04-22 07:12:22,5931983.0,5930961.0,2021-04-22 07:12:22.378
2021-04-22 07:12:23,5931983.0,5930961.0,2021-04-22 07:12:23.445
2021-04-22 07:12:24,5931983.0,5930961.0,2021-04-22 07:12:24.468
2021-04-22 07:12:25,5931983.0,5930961.0,2021-04-22 07:12:25.489
2021-04-22 07:12:26,5931983.0,5930961.0,2021-04-22 07:12:26.508
2021-04-22 07:12:27,5930547.0,5930547.0,2021-04-22 07:12:27.541
2021-04-22 07:12:28,5930547.0,5930547.0,2021-04-22 07:12:28.589
2021-04-22 07:12:29,5930547.0,5930547.0,2021-04-22 07:12:29.669
2021-04-22 07:12:30,5930855.0,5930547.0,2021-04-22 07:12:30.717
2021-04-22 07:12:31,5930855.0,5930547.0,2021-04-22 07:12:31.734
2021-04-22 07:12:32,5930855.0,5930547.0,2021-04-22 07:12:32.770
2021-04-22 07:12:33,5930855.0,5930547.0,2021-04-22 07:12:33.777
2021-04-22 07:12:34,5930855.0,5930547.0,2021-04-22 07:12:34.962
2021-04-22 07:12:36,5930855.0,5930547.0,2021-04-22 07:12:35.993
2021-04-22 07:12:37,5930855.0,5930547.0,2021-04-22 07:12:37.013
2021-04-22 07:12:38,5930855.0,5930547.0,2021-04-22 07:12:38.082
2021-04-22 07:12:39,5930855.0,5930547.0,2021-04-22 07:12:39.122
2021-04-22 07:12:40,5930855.0,5930547.0,2021-04-22 07:12:40.278
2021-04-22 07:12:41,5930855.0,5930547.0,2021-04-22 07:12:41.325
2021-04-22 07:12:42,5930855.0,5930547.0,2021-04-22 07:12:42.333
2021-04-22 07:12:43,5930855.0,5930547.0,2021-04-22 07:12:43.376
2021-04-22 07:12:44,5930855.0,5930547.0,2021-04-22 07:12:44.388
2021-04-22 07:12:45,5930855.0,5930547.0,2021-04-22 07:12:45.617
2021-04-22 07:12:46,5931977.0,5932570.0,2021-04-22 07:12:46.639
2021-04-22 07:12:47,5932165.0,5933490.0,2021-04-22 07:12:47.777
2021-04-22 07:12:48,5932165.0,5933208.0,2021-04-22 07:12:48.794
2021-04-22 07:12:49,5932171.0,5933208.0,2021-04-22 07:12:49.879
2021-04-22 07:12:50,5932171.0,5933208.0,2021-04-22 07:12:50.886
2021-04-22 07:12:51,5932171.0,5933208.0,2021-04-22 07:12:51.896
2021-04-22 07:12:52,5932171.0,5933208.0,2021-04-22 07:12:52.925
2021-04-22 07:12:53,5932171.0,5933208.0,2021-04-22 07:12:53.946
2021-04-22 07:12:55,5932311.0,5933208.0,2021-04-22 07:12:55.015
2021-04-22 07:12:56,5932311.0,5933208.0,2021-04-22 07:12:56.071
2021-04-22 07:12:57,5932311.0,5933208.0,2021-04-22 07:12:57.148
2021-04-22 07:12:58,5932311.0,5933208.0,2021-04-22 07:12:58.181
2021-04-22 07:12:59,5932311.0,5933208.0,2021-04-22 07:12:59.258
2021-04-22 07:13:00,5932311.0,5933208.0,2021-04-22 07:13:00.285
2021-04-22 07:13:01,5932311.0,5933208.0,2021-04-22 07:13:01.365
2021-04-22 07:13:02,5932311.0,5933208.0,2021-04-22 07:13:02.388
2021-04-22 07:13:03,5932311.0,5933208.0,2021-04-22 07:13:03.403
2021-04-22 07:13:04,5932311.0,5933208.0,2021-04-22 07:13:04.511
2021-04-22 07:13:05,5932311.0,5933208.0,2021-04-22 07:13:05.534
2021-04-22 07:13:06,5931977.0,5932171.0,2021-04-22 07:13:06.657
2021-04-22 07:13:07,5930692.0,5930735.0,2021-04-22 07:13:07.701
2021-04-22 07:13:08,5930692.0,5932050.0,2021-04-22 07:13:08.721
2021-04-22 07:13:09,5930692.0,5931986.0,2021-04-22 07:13:09.773
2021-04-22 07:13:10,5930692.0,5931986.0,2021-04-22 07:13:10.790
2021-04-22 07:13:11,5930692.0,5931986.0,2021-04-22 07:13:11.798
2021-04-22 07:13:12,5930692.0,5932050.0,2021-04-22 07:13:12.807
2021-04-22 07:13:13,5930692.0,5932050.0,2021-04-22 07:13:13.823
2021-04-22 07:13:14,5930692.0,5932050.0,2021-04-22 07:13:14.833
2021-04-22 07:13:15,5930692.0,5932050.0,2021-04-22 07:13:15.901
2021-04-22 07:13:16,5933025.0,5932914.0,2021-04-22 07:13:16.930
2021-04-22 07:13:18,5933096.0,5934337.0,2021-04-22 07:13:18.081
2021-04-22 07:13:19,5933136.0,5934337.0,2021-04-22 07:13:19.140
2021-04-22 07:13:20,5933136.0,5934337.0,2021-04-22 07:13:20.193
2021-04-22 07:13:21,5933136.0,5934337.0,2021-04-22 07:13:21.249
2021-04-22 07:13:22,5933136.0,5934337.0,2021-04-22 07:13:22.321
2021-04-22 07:13:23,5933136.0,5934337.0,2021-04-22 07:13:23.427
2021-04-22 07:13:24,5933136.0,5934337.0,2021-04-22 07:13:24.483
2021-04-22 07:13:25,5933136.0,5934273.0,2021-04-22 07:13:25.548
2021-04-22 07:13:26,5933136.0,5934273.0,2021-04-22 07:13:26.578
2021-04-22 07:13:27,5933136.0,5934095.0,2021-04-22 07:13:27.603
2021-04-22 07:13:28,5933136.0,5934095.0,2021-04-22 07:13:28.760
2021-04-22 07:13:29,5932076.0,5934095.0,2021-04-22 07:13:29.771
2021-04-22 07:13:30,5932698.0,5934095.0,2021-04-22 07:13:30.815
2021-04-22 07:13:31,5932699.0,5934095.0,2021-04-22 07:13:31.859
2021-04-22 07:13:32,5932713.0,5934095.0,2021-04-22 07:13:32.972
2021-04-22 07:13:34,5932713.0,5933972.0,2021-04-22 07:13:33.991
2021-04-22 07:13:35,5932713.0,5933972.0,2021-04-22 07:13:35.033
2021-04-22 07:13:36,5932713.0,5933972.0,2021-04-22 07:13:36.088
2021-04-22 07:13:37,5932713.0,5933972.0,2021-04-22 07:13:37.115
2021-04-22 07:13:38,5932713.0,5933972.0,2021-04-22 07:13:38.142
2021-04-22 07:13:39,5932713.0,5933746.0,2021-04-22 07:13:39.149
2021-04-22 07:13:40,5932713.0,5933578.0,2021-04-22 07:13:40.178
2021-04-22 07:13:41,5932713.0,5933578.0,2021-04-22 07:13:41.313
2021-04-22 07:13:42,5932713.0,5933578.0,2021-04-22 07:13:42.333
2021-04-22 07:13:43,5932713.0,5933578.0,2021-04-22 07:13:43.484
2021-04-22 07:13:44,5932713.0,5933578.0,2021-04-22 07:13:44.544
2021-04-22 07:13:45,5932713.0,5933578.0,2021-04-22 07:13:45.559
2021-04-22 07:13:46,5932713.0,5933578.0,2021-04-22 07:13:46.587
2021-04-22 07:13:47,5932713.0,5933578.0,2021-04-22 07:13:47.598
2021-04-22 07:13:48,5932713.0,5933578.0,2021-04-22 07:13:48.614
2021-04-22 07:13:49,5932713.0,5933578.0,2021-04-22 07:13:49.658
2021-04-22 07:13:50,5932713.0,5933578.0,2021-04-22 07:13:50.687
2021-04-22 07:13:51,5932713.0,5933578.0,2021-04-22 07:13:51.728
2021-04-22 07:13:52,5932713.0,5933578.0,2021-04-22 07:13:52.770
2021-04-22 07:13:53,5932713.0,5933578.0,2021-04-22 07:13:53.981
2021-04-22 07:13:55,5932713.0,5933578.0,2021-04-22 07:13:55.016
2021-04-22 07:13:56,5932085.0,5933287.0,2021-04-22 07:13:56.036
2021-04-22 07:13:57,5932085.0,5933287.0,2021-04-22 07:13:57.055
2021-04-22 07:13:58,5932085.0,5931875.0,2021-04-22 07:13:58.080
2021-04-22 07:13:59,5931346.0,5931821.0,2021-04-22 07:13:59.126
2021-04-22 07:14:00,5931346.0,5931605.0,2021-04-22 07:14:00.160
2021-04-22 07:14:01,5931346.0,5931757.0,2021-04-22 07:14:01.201
2021-04-22 07:14:02,5931346.0,5931757.0,2021-04-22 07:14:02.258
2021-04-22 07:14:03,5931346.0,5931757.0,2021-04-22 07:14:03.326
2021-04-22 07:14:04,5931346.0,5931757.0,2021-04-22 07:14:04.399
2021-04-22 07:14:05,5931346.0,5931757.0,2021-04-22 07:14:05.479
2021-04-22 07:14:06,5931356.0,5931757.0,2021-04-22 07:14:06.538
2021-04-22 07:14:07,5931356.0,5931757.0,2021-04-22 07:14:07.554
2021-04-22 07:14:08,5932322.0,5932292.0,2021-04-22 07:14:08.585
2021-04-22 07:14:09,5932322.0,5932292.0,2021-04-22 07:14:09.632
2021-04-22 07:14:10,5932322.0,5932292.0,2021-04-22 07:14:10.655
2021-04-22 07:14:11,5932322.0,5932292.0,2021-04-22 07:14:11.743
2021-04-22 07:14:12,5932322.0,5932292.0,2021-04-22 07:14:12.775
2021-04-22 07:14:13,5932322.0,5932292.0,2021-04-22 07:14:13.812
2021-04-22 07:14:14,5932322.0,5932292.0,2021-04-22 07:14:14.833
2021-04-22 07:14:15,5932392.0,5932889.0,2021-04-22 07:14:15.882
2021-04-22 07:14:17,5932392.0,5933008.0,2021-04-22 07:14:16.978
2021-04-22 07:14:18,5932392.0,5934562.0,2021-04-22 07:14:18.085
2021-04-22 07:14:19,5932518.0,5934562.0,2021-04-22 07:14:19.130
2021-04-22 07:14:20,5932601.0,5934562.0,2021-04-22 07:14:20.176
2021-04-22 07:14:21,5934655.0,5935442.0,2021-04-22 07:14:21.210
2021-04-22 07:14:22,5934655.0,5935442.0,2021-04-22 07:14:22.220
2021-04-22 07:14:23,5934655.0,5935442.0,2021-04-22 07:14:23.228
2021-04-22 07:14:24,5934655.0,5935355.0,2021-04-22 07:14:24.260
2021-04-22 07:14:25,5934660.0,5935313.0,2021-04-22 07:14:25.368
2021-04-22 07:14:26,5934660.0,5935313.0,2021-04-22 07:14:26.469
2021-04-22 07:14:27,5935577.0,5935313.0,2021-04-22 07:14:27.524
2021-04-22 07:14:28,5936329.0,5936255.0,2021-04-22 07:14:28.568
2021-04-22 07:14:29,5936329.0,5936255.0,2021-04-22 07:14:29.603
2021-04-22 07:14:30,5936329.0,5936255.0,2021-04-22 07:14:30.687
2021-04-22 07:14:31,5936329.0,5936255.0,2021-04-22 07:14:31.711
2021-04-22 07:14:32,5936329.0,5936057.0,2021-04-22 07:14:32.741
2021-04-22 07:14:33,5936329.0,5936057.0,2021-04-22 07:14:33.815
2021-04-22 07:14:34,5936329.0,5936057.0,2021-04-22 07:14:34.840
2021-04-22 07:14:35,5936329.0,5935963.0,2021-04-22 07:14:35.850
2021-04-22 07:14:36,5936329.0,5935963.0,2021-04-22 07:14:36.868
2021-04-22 07:14:37,5936329.0,5935963.0,2021-04-22 07:14:37.945
2021-04-22 07:14:38,5936329.0,5935963.0,2021-04-22 07:14:38.990
2021-04-22 07:14:40,5936329.0,5935963.0,2021-04-22 07:14:40.026
2021-04-22 07:14:41,5936329.0,5935963.0,2021-04-22 07:14:41.096
2021-04-22 07:14:42,5936329.0,5935963.0,2021-04-22 07:14:42.170
2021-04-22 07:14:43,5936329.0,5935672.0,2021-04-22 07:14:43.301
2021-04-22 07:14:44,5936329.0,5935444.0,2021-04-22 07:14:44.365
2021-04-22 07:14:45,5936329.0,5935257.0,2021-04-22 07:14:45.430
2021-04-22 07:14:46,5936329.0,5935231.0,2021-04-22 07:14:46.455
2021-04-22 07:14:47,5936329.0,5935163.0,2021-04-22 07:14:47.463
2021-04-22 07:14:48,5934660.0,5934791.0,2021-04-22 07:14:48.486
2021-04-22 07:14:49,5932579.0,5933921.0,2021-04-22 07:14:49.525
2021-04-22 07:14:50,5932715.0,5933921.0,2021-04-22 07:14:50.542
2021-04-22 07:14:51,5932765.0,5933921.0,2021-04-22 07:14:51.576
2021-04-22 07:14:52,5932765.0,5933921.0,2021-04-22 07:14:52.607
2021-04-22 07:14:53,5932765.0,5933921.0,2021-04-22 07:14:53.655
2021-04-22 07:14:54,5932765.0,5933921.0,2021-04-22 07:14:54.692
2021-04-22 07:14:55,5932765.0,5933921.0,2021-04-22 07:14:55.723
2021-04-22 07:14:56,5932898.0,5933921.0,2021-04-22 07:14:56.866
2021-04-22 07:14:57,5932898.0,5935678.0,2021-04-22 07:14:57.911
2021-04-22 07:14:58,5932898.0,5935384.0,2021-04-22 07:14:58.955
2021-04-22 07:15:00,5933050.0,5935384.0,2021-04-22 07:15:00.080
2021-04-22 07:15:01,5933075.0,5935187.0,2021-04-22 07:15:01.104
2021-04-22 07:15:02,5933075.0,5935187.0,2021-04-22 07:15:02.120
2021-04-22 07:15:03,5933075.0,5935187.0,2021-04-22 07:15:03.141
2021-04-22 07:15:04,5933075.0,5935187.0,2021-04-22 07:15:04.165
2021-04-22 07:15:05,5933075.0,5934884.0,2021-04-22 07:15:05.212
2021-04-22 07:15:06,5933075.0,5934770.0,2021-04-22 07:15:06.313
2021-04-22 07:15:07,5933075.0,5934172.0,2021-04-22 07:15:07.379
2021-04-22 07:15:08,5933075.0,5933637.0,2021-04-22 07:15:08.417
2021-04-22 07:15:09,5933075.0,5933637.0,2021-04-22 07:15:09.449
2021-04-22 07:15:10,5933075.0,5933637.0,2021-04-22 07:15:10.564
2021-04-22 07:15:11,5933075.0,5933637.0,2021-04-22 07:15:11.609
2021-04-22 07:15:12,5933075.0,5933637.0,2021-04-22 07:15:12.658
2021-04-22 07:15:13,5933075.0,5933637.0,2021-04-22 07:15:13.693
2021-04-22 07:15:14,5933752.0,5933637.0,2021-04-22 07:15:14.726
2021-04-22 07:15:15,5933992.0,5933637.0,2021-04-22 07:15:15.759
2021-04-22 07:15:16,5933992.0,5933637.0,2021-04-22 07:15:16.799
2021-04-22 07:15:18,5933992.0,5933637.0,2021-04-22 07:15:18.003
2021-04-22 07:15:19,5933992.0,5933637.0,2021-04-22 07:15:19.027
2021-04-22 07:15:20,5933992.0,5933637.0,2021-04-22 07:15:20.073
2021-04-22 07:15:21,5934109.0,5933637.0,2021-04-22 07:15:21.095
2021-04-22 07:15:22,5934109.0,5933637.0,2021-04-22 07:15:22.108
2021-04-22 07:15:23,5934120.0,5936911.0,2021-04-22 07:15:23.165
2021-04-22 07:15:24,5934139.0,5936911.0,2021-04-22 07:15:24.221
2021-04-22 07:15:25,5934139.0,5936167.0,2021-04-22 07:15:25.229
2021-04-22 07:15:26,5934139.0,5936167.0,2021-04-22 07:15:26.296
2021-04-22 07:15:27,5934617.0,5936167.0,2021-04-22 07:15:27.379
2021-04-22 07:15:28,5934822.0,5936167.0,2021-04-22 07:15:28.423
2021-04-22 07:15:29,5934822.0,5936167.0,2021-04-22 07:15:29.471
2021-04-22 07:15:30,5934822.0,5936932.0,2021-04-22 07:15:30.514
2021-04-22 07:15:31,5934871.0,5936932.0,2021-04-22 07:15:31.595
2021-04-22 07:15:32,5935195.0,5936758.0,2021-04-22 07:15:32.629
2021-04-22 07:15:33,5935421.0,5936758.0,2021-04-22 07:15:33.666
2021-04-22 07:15:34,5935422.0,5936758.0,2021-04-22 07:15:34.703
2021-04-22 07:15:35,5935436.0,5936758.0,2021-04-22 07:15:35.738
2021-04-22 07:15:36,5935637.0,5936758.0,2021-04-22 07:15:36.756
2021-04-22 07:15:37,5935833.0,5936758.0,2021-04-22 07:15:37.774
2021-04-22 07:15:39,5937655.0,5938359.0,2021-04-22 07:15:39.564
2021-04-22 07:15:40,5937655.0,5938359.0,2021-04-22 07:15:40.611
2021-04-22 07:15:41,5937655.0,5938359.0,2021-04-22 07:15:41.640
2021-04-22 07:15:42,5937655.0,5938359.0,2021-04-22 07:15:42.678
2021-04-22 07:15:43,5937655.0,5938359.0,2021-04-22 07:15:43.696
2021-04-22 07:15:44,5937655.0,5938359.0,2021-04-22 07:15:44.707
2021-04-22 07:15:45,5938506.0,5938359.0,2021-04-22 07:15:45.737
2021-04-22 07:15:46,5938506.0,5938359.0,2021-04-22 07:15:46.777
2021-04-22 07:15:47,5938506.0,5938359.0,2021-04-22 07:15:47.801
2021-04-22 07:15:48,5938506.0,5938359.0,2021-04-22 07:15:48.853
2021-04-22 07:15:49,5938506.0,5938359.0,2021-04-22 07:15:49.885
2021-04-22 07:15:50,5938506.0,5938359.0,2021-04-22 07:15:50.927
2021-04-22 07:15:51,5938506.0,5938359.0,2021-04-22 07:15:51.937
2021-04-22 07:15:52,5938531.0,5938359.0,2021-04-22 07:15:52.974
2021-04-22 07:15:54,5938531.0,5938359.0,2021-04-22 07:15:54.013
2021-04-22 07:15:55,5938531.0,5938359.0,2021-04-22 07:15:55.055
2021-04-22 07:15:56,5938531.0,5938359.0,2021-04-22 07:15:56.074
2021-04-22 07:15:57,5938531.0,5938359.0,2021-04-22 07:15:57.147
2021-04-22 07:15:58,5938531.0,5938359.0,2021-04-22 07:15:58.170
2021-04-22 07:15:59,5938531.0,5938359.0,2021-04-22 07:15:59.283
2021-04-22 07:16:00,5938531.0,5938359.0,2021-04-22 07:16:00.311
2021-04-22 07:16:01,5938795.0,5938762.0,2021-04-22 07:16:01.320
2021-04-22 07:16:02,5938795.0,5938762.0,2021-04-22 07:16:02.357
2021-04-22 07:16:03,5938795.0,5938762.0,2021-04-22 07:16:03.405
2021-04-22 07:16:04,5938795.0,5938762.0,2021-04-22 07:16:04.573
2021-04-22 07:16:05,5938795.0,5938762.0,2021-04-22 07:16:05.595
2021-04-22 07:16:06,5938795.0,5938762.0,2021-04-22 07:16:06.617
2021-04-22 07:16:07,5938795.0,5938762.0,2021-04-22 07:16:07.643
2021-04-22 07:16:08,5938795.0,5940242.0,2021-04-22 07:16:08.688
2021-04-22 07:16:09,5938795.0,5940149.0,2021-04-22 07:16:09.738
2021-04-22 07:16:10,5938795.0,5940136.0,2021-04-22 07:16:10.781
2021-04-22 07:16:11,5937767.0,5939023.0,2021-04-22 07:16:11.808
2021-04-22 07:16:12,5938011.0,5939023.0,2021-04-22 07:16:12.816
2021-04-22 07:16:13,5938011.0,5939023.0,2021-04-22 07:16:13.828
2021-04-22 07:16:14,5938689.0,5939023.0,2021-04-22 07:16:14.850
2021-04-22 07:16:15,5938702.0,5939023.0,2021-04-22 07:16:15.873
2021-04-22 07:16:16,5938702.0,5939023.0,2021-04-22 07:16:16.896
2021-04-22 07:16:17,5938922.0,5939023.0,2021-04-22 07:16:17.902
2021-04-22 07:16:19,5938936.0,5939023.0,2021-04-22 07:16:19.024
2021-04-22 07:16:20,5938936.0,5939023.0,2021-04-22 07:16:20.091
2021-04-22 07:16:21,5938936.0,5939023.0,2021-04-22 07:16:21.116
2021-04-22 07:16:22,5938936.0,5939023.0,2021-04-22 07:16:22.275
2021-04-22 07:16:23,5938936.0,5939023.0,2021-04-22 07:16:23.292
2021-04-22 07:16:24,5938936.0,5939023.0,2021-04-22 07:16:24.347
2021-04-22 07:16:25,5938936.0,5939023.0,2021-04-22 07:16:25.366
2021-04-22 07:16:26,5938936.0,5939023.0,2021-04-22 07:16:26.588
2021-04-22 07:16:27,5938942.0,5939023.0,2021-04-22 07:16:27.593
2021-04-22 07:16:28,5939676.0,5941663.0,2021-04-22 07:16:28.598
2021-04-22 07:16:29,5939880.0,5941663.0,2021-04-22 07:16:29.640
2021-04-22 07:16:30,5939880.0,5941535.0,2021-04-22 07:16:30.656
2021-04-22 07:16:31,5939880.0,5941319.0,2021-04-22 07:16:31.731
2021-04-22 07:16:32,5939880.0,5941319.0,2021-04-22 07:16:32.754
2021-04-22 07:16:33,5939880.0,5941319.0,2021-04-22 07:16:33.836
2021-04-22 07:16:35,5939880.0,5941319.0,2021-04-22 07:16:35.025
2021-04-22 07:16:36,5940171.0,5941319.0,2021-04-22 07:16:36.089
2021-04-22 07:16:37,5940171.0,5941319.0,2021-04-22 07:16:37.140
2021-04-22 07:16:38,5939950.0,5942120.0,2021-04-22 07:16:38.209
2021-04-22 07:16:39,5939988.0,5941745.0,2021-04-22 07:16:39.216
2021-04-22 07:16:40,5939988.0,5941745.0,2021-04-22 07:16:40.228
2021-04-22 07:16:41,5939988.0,5941745.0,2021-04-22 07:16:41.249
2021-04-22 07:16:42,5939988.0,5941745.0,2021-04-22 07:16:42.284
2021-04-22 07:16:43,5939988.0,5941745.0,2021-04-22 07:16:43.303
2021-04-22 07:16:44,5939988.0,5941745.0,2021-04-22 07:16:44.317
2021-04-22 07:16:45,5939988.0,5941745.0,2021-04-22 07:16:45.333
2021-04-22 07:16:46,5942121.0,5941745.0,2021-04-22 07:16:46.406
2021-04-22 07:16:47,5941253.0,5941745.0,2021-04-22 07:16:47.447
2021-04-22 07:16:49,5941253.0,5943316.0,2021-04-22 07:16:49.220
2021-04-22 07:16:50,5941422.0,5943316.0,2021-04-22 07:16:50.248
2021-04-22 07:16:51,5941422.0,5943316.0,2021-04-22 07:16:51.275
2021-04-22 07:16:52,5943317.0,5943316.0,2021-04-22 07:16:52.552
2021-04-22 07:16:53,5943317.0,5943316.0,2021-04-22 07:16:53.593
2021-04-22 07:16:54,5943317.0,5943316.0,2021-04-22 07:16:54.637
2021-04-22 07:16:55,5941511.0,5943156.0,2021-04-22 07:16:55.712
2021-04-22 07:16:56,5941511.0,5942937.0,2021-04-22 07:16:56.756
2021-04-22 07:16:57,5940417.0,5942937.0,2021-04-22 07:16:57.796
2021-04-22 07:16:58,5941201.0,5942937.0,2021-04-22 07:16:58.805
2021-04-22 07:16:59,5941447.0,5942937.0,2021-04-22 07:16:59.914
2021-04-22 07:17:00,5941467.0,5942937.0,2021-04-22 07:17:00.946
2021-04-22 07:17:01,5941654.0,5942937.0,2021-04-22 07:17:01.986
2021-04-22 07:17:03,5941810.0,5942937.0,2021-04-22 07:17:03.003
2021-04-22 07:17:04,5941810.0,5942937.0,2021-04-22 07:17:04.021
2021-04-22 07:17:05,5943416.0,5943206.0,2021-04-22 07:17:05.079
2021-04-22 07:17:06,5943758.0,5944995.0,2021-04-22 07:17:06.096
2021-04-22 07:17:07,5943758.0,5944995.0,2021-04-22 07:17:07.129
2021-04-22 07:17:08,5943758.0,5945480.0,2021-04-22 07:17:08.153
2021-04-22 07:17:09,5943758.0,5945343.0,2021-04-22 07:17:09.183
2021-04-22 07:17:10,5943758.0,5945343.0,2021-04-22 07:17:10.201
2021-04-22 07:17:11,5943758.0,5945343.0,2021-04-22 07:17:11.322
2021-04-22 07:17:12,5943758.0,5945343.0,2021-04-22 07:17:12.334
2021-04-22 07:17:13,5943758.0,5945516.0,2021-04-22 07:17:13.363
2021-04-22 07:17:14,5943758.0,5945516.0,2021-04-22 07:17:14.382
2021-04-22 07:17:15,5943758.0,5945516.0,2021-04-22 07:17:15.427
2021-04-22 07:17:16,5943758.0,5945390.0,2021-04-22 07:17:16.472
2021-04-22 07:17:17,5943758.0,5946024.0,2021-04-22 07:17:17.485
2021-04-22 07:17:18,5943758.0,5945589.0,2021-04-22 07:17:18.538
2021-04-22 07:17:19,5943758.0,5945405.0,2021-04-22 07:17:19.685
2021-04-22 07:17:20,5943758.0,5945405.0,2021-04-22 07:17:20.736
2021-04-22 07:17:21,5943758.0,5944673.0,2021-04-22 07:17:21.783
2021-04-22 07:17:22,5943591.0,5943724.0,2021-04-22 07:17:22.814
2021-04-22 07:17:23,5943591.0,5943530.0,2021-04-22 07:17:23.835
2021-04-22 07:17:24,5943591.0,5943454.0,2021-04-22 07:17:24.858
2021-04-22 07:17:25,5941818.0,5943454.0,2021-04-22 07:17:25.885
2021-04-22 07:17:26,5941818.0,5943039.0,2021-04-22 07:17:26.913
2021-04-22 07:17:27,5941817.0,5941818.0,2021-04-22 07:17:27.927
2021-04-22 07:17:28,5941817.0,5942576.0,2021-04-22 07:17:28.953
2021-04-22 07:17:29,5941817.0,5942557.0,2021-04-22 07:17:29.972
2021-04-22 07:17:31,5941396.0,5942557.0,2021-04-22 07:17:31.047
2021-04-22 07:17:32,5941396.0,5942545.0,2021-04-22 07:17:32.062
2021-04-22 07:17:33,5941482.0,5942545.0,2021-04-22 07:17:33.118
2021-04-22 07:17:34,5941532.0,5942545.0,2021-04-22 07:17:34.140
2021-04-22 07:17:35,5941580.0,5942545.0,2021-04-22 07:17:35.173
2021-04-22 07:17:36,5941809.0,5942545.0,2021-04-22 07:17:36.184
2021-04-22 07:17:37,5942344.0,5942545.0,2021-04-22 07:17:37.195
2021-04-22 07:17:38,5942485.0,5942545.0,2021-04-22 07:17:38.208
2021-04-22 07:17:39,5942485.0,5942545.0,2021-04-22 07:17:39.229
2021-04-22 07:17:40,5942637.0,5942545.0,2021-04-22 07:17:40.254
2021-04-22 07:17:41,5942637.0,5943786.0,2021-04-22 07:17:41.298
2021-04-22 07:17:42,5944613.0,5943786.0,2021-04-22 07:17:42.318
2021-04-22 07:17:43,5944613.0,5943786.0,2021-04-22 07:17:43.437
2021-04-22 07:17:44,5944613.0,5943786.0,2021-04-22 07:17:44.458
2021-04-22 07:17:45,5944613.0,5943786.0,2021-04-22 07:17:45.491
2021-04-22 07:17:46,5944613.0,5943786.0,2021-04-22 07:17:46.579
2021-04-22 07:17:47,5943927.0,5946024.0,2021-04-22 07:17:47.617
2021-04-22 07:17:48,5943927.0,5945766.0,2021-04-22 07:17:48.699
2021-04-22 07:17:49,5943927.0,5945766.0,2021-04-22 07:17:49.731
2021-04-22 07:17:50,5943927.0,5945766.0,2021-04-22 07:17:50.749
2021-04-22 07:17:51,5943927.0,5945737.0,2021-04-22 07:17:51.962
2021-04-22 07:17:53,5943927.0,5945725.0,2021-04-22 07:17:53.004
2021-04-22 07:17:54,5943927.0,5945725.0,2021-04-22 07:17:54.036
2021-04-22 07:17:55,5944090.0,5945725.0,2021-04-22 07:17:55.104
2021-04-22 07:17:56,5944092.0,5945725.0,2021-04-22 07:17:56.119
2021-04-22 07:17:57,5944092.0,5945725.0,2021-04-22 07:17:57.148
2021-04-22 07:17:58,5944094.0,5945933.0,2021-04-22 07:17:58.359
2021-04-22 07:17:59,5944094.0,5945838.0,2021-04-22 07:17:59.369
2021-04-22 07:18:00,5944094.0,5945838.0,2021-04-22 07:18:00.427
2021-04-22 07:18:01,5944094.0,5945838.0,2021-04-22 07:18:01.533
2021-04-22 07:18:02,5944094.0,5945648.0,2021-04-22 07:18:02.590
2021-04-22 07:18:03,5944094.0,5945648.0,2021-04-22 07:18:03.611
2021-04-22 07:18:04,5944094.0,5945648.0,2021-04-22 07:18:04.628
2021-04-22 07:18:05,5944163.0,5946599.0,2021-04-22 07:18:05.638
2021-04-22 07:18:06,5944828.0,5946599.0,2021-04-22 07:18:06.700
2021-04-22 07:18:07,5945427.0,5946403.0,2021-04-22 07:18:07.746
2021-04-22 07:18:08,5945427.0,5946403.0,2021-04-22 07:18:08.845
2021-04-22 07:18:09,5945433.0,5946403.0,2021-04-22 07:18:09.879
2021-04-22 07:18:10,5945433.0,5946403.0,2021-04-22 07:18:10.888
2021-04-22 07:18:11,5946600.0,5946610.0,2021-04-22 07:18:11.914
2021-04-22 07:18:12,5946600.0,5946610.0,2021-04-22 07:18:12.926
2021-04-22 07:18:14,5946690.0,5946610.0,2021-04-22 07:18:14.030
2021-04-22 07:18:15,5946844.0,5946610.0,2021-04-22 07:18:15.082
2021-04-22 07:18:16,5946844.0,5946610.0,2021-04-22 07:18:16.112
2021-04-22 07:18:17,5946844.0,5946610.0,2021-04-22 07:18:17.147
2021-04-22 07:18:18,5946844.0,5947511.0,2021-04-22 07:18:18.200
2021-04-22 07:18:19,5946844.0,5947419.0,2021-04-22 07:18:19.337
2021-04-22 07:18:20,5946844.0,5947419.0,2021-04-22 07:18:20.356
2021-04-22 07:18:21,5946844.0,5947511.0,2021-04-22 07:18:21.374
2021-04-22 07:18:22,5946844.0,5947511.0,2021-04-22 07:18:22.464
2021-04-22 07:18:23,5946844.0,5947511.0,2021-04-22 07:18:23.482
2021-04-22 07:18:24,5946844.0,5947418.0,2021-04-22 07:18:24.521
2021-04-22 07:18:25,5946844.0,5947336.0,2021-04-22 07:18:25.545
2021-04-22 07:18:26,5946844.0,5947028.0,2021-04-22 07:18:26.596
2021-04-22 07:18:27,5946844.0,5946777.0,2021-04-22 07:18:27.623
2021-04-22 07:18:28,5946844.0,5946759.0,2021-04-22 07:18:28.658
2021-04-22 07:18:29,5946844.0,5946759.0,2021-04-22 07:18:29.687
2021-04-22 07:18:30,5946844.0,5946759.0,2021-04-22 07:18:30.788
2021-04-22 07:18:31,5946844.0,5946759.0,2021-04-22 07:18:31.977
2021-04-22 07:18:32,5946844.0,5946753.0,2021-04-22 07:18:32.990
2021-04-22 07:18:34,5946844.0,5946753.0,2021-04-22 07:18:34.002
2021-04-22 07:18:35,5945446.0,5945903.0,2021-04-22 07:18:35.059
2021-04-22 07:18:36,5945446.0,5945903.0,2021-04-22 07:18:36.091
2021-04-22 07:18:37,5945446.0,5945903.0,2021-04-22 07:18:37.123
2021-04-22 07:18:38,5945446.0,5946365.0,2021-04-22 07:18:38.201
2021-04-22 07:18:39,5945446.0,5946293.0,2021-04-22 07:18:39.239
2021-04-22 07:18:40,5945446.0,5945949.0,2021-04-22 07:18:40.273
2021-04-22 07:18:41,5947133.0,5947689.0,2021-04-22 07:18:41.326
2021-04-22 07:18:42,5947287.0,5947511.0,2021-04-22 07:18:42.463
2021-04-22 07:18:43,5947287.0,5947511.0,2021-04-22 07:18:43.478
2021-04-22 07:18:44,5948971.0,5948844.0,2021-04-22 07:18:44.490
2021-04-22 07:18:46,5947681.0,5948969.0,2021-04-22 07:18:46.223
2021-04-22 07:18:47,5947681.0,5947511.0,2021-04-22 07:18:47.356
2021-04-22 07:18:48,5947681.0,5948969.0,2021-04-22 07:18:48.445
2021-04-22 07:18:49,5947681.0,5948969.0,2021-04-22 07:18:49.491
2021-04-22 07:18:50,5947287.0,5947755.0,2021-04-22 07:18:50.564
2021-04-22 07:18:51,5947287.0,5947247.0,2021-04-22 07:18:51.570
2021-04-22 07:18:52,5947287.0,5947247.0,2021-04-22 07:18:52.591
2021-04-22 07:18:53,5947287.0,5947247.0,2021-04-22 07:18:53.619
2021-04-22 07:18:54,5947287.0,5947247.0,2021-04-22 07:18:54.653
2021-04-22 07:18:55,5947287.0,5947247.0,2021-04-22 07:18:55.709
2021-04-22 07:18:56,5947287.0,5947247.0,2021-04-22 07:18:56.767
2021-04-22 07:18:57,5947287.0,5947348.0,2021-04-22 07:18:57.791
2021-04-22 07:18:58,5947287.0,5947348.0,2021-04-22 07:18:58.812
2021-04-22 07:18:59,5947287.0,5947348.0,2021-04-22 07:18:59.877
2021-04-22 07:19:00,5947287.0,5947348.0,2021-04-22 07:19:00.939
2021-04-22 07:19:01,5947287.0,5947348.0,2021-04-22 07:19:01.977
2021-04-22 07:19:03,5947287.0,5947749.0,2021-04-22 07:19:03.010
2021-04-22 07:19:04,5947287.0,5947749.0,2021-04-22 07:19:04.067
2021-04-22 07:19:05,5947287.0,5947749.0,2021-04-22 07:19:05.110
2021-04-22 07:19:06,5947287.0,5948931.0,2021-04-22 07:19:06.126
2021-04-22 07:19:07,5947287.0,5948663.0,2021-04-22 07:19:07.146
2021-04-22 07:19:08,5947287.0,5948663.0,2021-04-22 07:19:08.203
2021-04-22 07:19:09,5947287.0,5948663.0,2021-04-22 07:19:09.229
2021-04-22 07:19:10,5947287.0,5948663.0,2021-04-22 07:19:10.243
2021-04-22 07:19:11,5947287.0,5948663.0,2021-04-22 07:19:11.256
2021-04-22 07:19:12,5947287.0,5948663.0,2021-04-22 07:19:12.267
2021-04-22 07:19:13,5947287.0,5949284.0,2021-04-22 07:19:13.288
2021-04-22 07:19:14,5947287.0,5949284.0,2021-04-22 07:19:14.314
2021-04-22 07:19:15,5947287.0,5949336.0,2021-04-22 07:19:15.444
2021-04-22 07:19:16,5947705.0,5949336.0,2021-04-22 07:19:16.472
2021-04-22 07:19:17,5949525.0,5950000.0,2021-04-22 07:19:17.500
2021-04-22 07:19:18,5949573.0,5950000.0,2021-04-22 07:19:18.530
2021-04-22 07:19:19,5949694.0,5950000.0,2021-04-22 07:19:19.608
2021-04-22 07:19:20,5951979.0,5952219.0,2021-04-22 07:19:20.629
2021-04-22 07:19:21,5952031.0,5953000.0,2021-04-22 07:19:21.665
2021-04-22 07:19:22,5952102.0,5952987.0,2021-04-22 07:19:22.690
2021-04-22 07:19:23,5952102.0,5953340.0,2021-04-22 07:19:23.702
2021-04-22 07:19:24,5952102.0,5953990.0,2021-04-22 07:19:24.732
2021-04-22 07:19:25,5950915.0,5951489.0,2021-04-22 07:19:25.748
2021-04-22 07:19:26,5950240.0,5950218.0,2021-04-22 07:19:26.789
2021-04-22 07:19:27,5950010.0,5950218.0,2021-04-22 07:19:27.798
2021-04-22 07:19:29,5950010.0,5950600.0,2021-04-22 07:19:28.825
2021-04-22 07:19:30,5950010.0,5950340.0,2021-04-22 07:19:30.108
2021-04-22 07:19:31,5950742.0,5950340.0,2021-04-22 07:19:31.120
2021-04-22 07:19:32,5950742.0,5950340.0,2021-04-22 07:19:32.139
2021-04-22 07:19:33,5950753.0,5950340.0,2021-04-22 07:19:33.151
2021-04-22 07:19:34,5951018.0,5950340.0,2021-04-22 07:19:34.269
2021-04-22 07:19:35,5951018.0,5950340.0,2021-04-22 07:19:35.300
2021-04-22 07:19:36,5951405.0,5951483.0,2021-04-22 07:19:36.393
2021-04-22 07:19:37,5951405.0,5951483.0,2021-04-22 07:19:37.567
2021-04-22 07:19:38,5951508.0,5952588.0,2021-04-22 07:19:38.595
2021-04-22 07:19:39,5951508.0,5952588.0,2021-04-22 07:19:39.613
2021-04-22 07:19:40,5951508.0,5952588.0,2021-04-22 07:19:40.639
2021-04-22 07:19:41,5951508.0,5952588.0,2021-04-22 07:19:41.694
2021-04-22 07:19:42,5951186.0,5950681.0,2021-04-22 07:19:42.851
2021-04-22 07:19:43,5951186.0,5950681.0,2021-04-22 07:19:43.899
2021-04-22 07:19:44,5951186.0,5950681.0,2021-04-22 07:19:44.996
2021-04-22 07:19:46,5951186.0,5950681.0,2021-04-22 07:19:46.041
2021-04-22 07:19:47,5951186.0,5952954.0,2021-04-22 07:19:47.126
2021-04-22 07:19:48,5951186.0,5952953.0,2021-04-22 07:19:48.187
2021-04-22 07:19:49,5951422.0,5952907.0,2021-04-22 07:19:49.203
2021-04-22 07:19:50,5951422.0,5952615.0,2021-04-22 07:19:50.231
2021-04-22 07:19:51,5951422.0,5951663.0,2021-04-22 07:19:51.250
2021-04-22 07:19:52,5951422.0,5951663.0,2021-04-22 07:19:52.306
2021-04-22 07:19:53,5951422.0,5951663.0,2021-04-22 07:19:53.331
2021-04-22 07:19:54,5951422.0,5951663.0,2021-04-22 07:19:54.365
2021-04-22 07:19:55,5951422.0,5952885.0,2021-04-22 07:19:55.406
2021-04-22 07:19:56,5951422.0,5952884.0,2021-04-22 07:19:56.453
2021-04-22 07:19:57,5951574.0,5952884.0,2021-04-22 07:19:57.498
2021-04-22 07:19:58,5951574.0,5952884.0,2021-04-22 07:19:58.513
2021-04-22 07:19:59,5951574.0,5952720.0,2021-04-22 07:19:59.527
2021-04-22 07:20:00,5951574.0,5952720.0,2021-04-22 07:20:00.546
2021-04-22 07:20:01,5951574.0,5952720.0,2021-04-22 07:20:01.567
2021-04-22 07:20:02,5952925.0,5952720.0,2021-04-22 07:20:02.640
2021-04-22 07:20:03,5952925.0,5952720.0,2021-04-22 07:20:03.673
2021-04-22 07:20:04,5953073.0,5952720.0,2021-04-22 07:20:04.692
2021-04-22 07:20:05,5953073.0,5952720.0,2021-04-22 07:20:05.720
2021-04-22 07:20:06,5953073.0,5953398.0,2021-04-22 07:20:06.745
2021-04-22 07:20:07,5953073.0,5953398.0,2021-04-22 07:20:07.788
2021-04-22 07:20:08,5953073.0,5953246.0,2021-04-22 07:20:08.866
2021-04-22 07:20:09,5953270.0,5953246.0,2021-04-22 07:20:09.882
2021-04-22 07:20:10,5953998.0,5953825.0,2021-04-22 07:20:10.930
2021-04-22 07:20:12,5953998.0,5955182.0,2021-04-22 07:20:12.081
2021-04-22 07:20:13,5953998.0,5955182.0,2021-04-22 07:20:13.154
2021-04-22 07:20:14,5953998.0,5955182.0,2021-04-22 07:20:14.174
2021-04-22 07:20:15,5954408.0,5955182.0,2021-04-22 07:20:15.351
2021-04-22 07:20:16,5954408.0,5955182.0,2021-04-22 07:20:16.382
2021-04-22 07:20:17,5954408.0,5955182.0,2021-04-22 07:20:17.419
2021-04-22 07:20:18,5954408.0,5954998.0,2021-04-22 07:20:18.441
2021-04-22 07:20:19,5954408.0,5954998.0,2021-04-22 07:20:19.480
2021-04-22 07:20:20,5954408.0,5954998.0,2021-04-22 07:20:20.529
2021-04-22 07:20:21,5952500.0,5952501.0,2021-04-22 07:20:21.548
2021-04-22 07:20:22,5952635.0,5952501.0,2021-04-22 07:20:22.582
2021-04-22 07:20:23,5953265.0,5952820.0,2021-04-22 07:20:23.662
2021-04-22 07:20:24,5953265.0,5952820.0,2021-04-22 07:20:24.740
2021-04-22 07:20:25,5953265.0,5952820.0,2021-04-22 07:20:25.803
2021-04-22 07:20:26,5953265.0,5952820.0,2021-04-22 07:20:26.835
2021-04-22 07:20:27,5953265.0,5952912.0,2021-04-22 07:20:27.864
2021-04-22 07:20:28,5953265.0,5952912.0,2021-04-22 07:20:28.881
2021-04-22 07:20:29,5953265.0,5952912.0,2021-04-22 07:20:29.949
2021-04-22 07:20:30,5953265.0,5954062.0,2021-04-22 07:20:30.976
2021-04-22 07:20:32,5954529.0,5955824.0,2021-04-22 07:20:32.012
2021-04-22 07:20:33,5953265.0,5954088.0,2021-04-22 07:20:33.230
2021-04-22 07:20:34,5953265.0,5954088.0,2021-04-22 07:20:34.259
2021-04-22 07:20:35,5953265.0,5953810.0,2021-04-22 07:20:35.311
2021-04-22 07:20:36,5951597.0,5952340.0,2021-04-22 07:20:36.339
2021-04-22 07:20:37,5951597.0,5952340.0,2021-04-22 07:20:37.375
2021-04-22 07:20:38,5951597.0,5952340.0,2021-04-22 07:20:38.385
2021-04-22 07:20:39,5951597.0,5952128.0,2021-04-22 07:20:39.452
2021-04-22 07:20:40,5951597.0,5952128.0,2021-04-22 07:20:40.522
2021-04-22 07:20:41,5951597.0,5952128.0,2021-04-22 07:20:41.627
2021-04-22 07:20:42,5951597.0,5952128.0,2021-04-22 07:20:42.654
2021-04-22 07:20:43,5951597.0,5952128.0,2021-04-22 07:20:43.686
2021-04-22 07:20:44,5951597.0,5952128.0,2021-04-22 07:20:44.740
2021-04-22 07:20:45,5951520.0,5952128.0,2021-04-22 07:20:45.830
2021-04-22 07:20:46,5951520.0,5952128.0,2021-04-22 07:20:46.897
2021-04-22 07:20:47,5951520.0,5952128.0,2021-04-22 07:20:47.914
2021-04-22 07:20:48,5951520.0,5953918.0,2021-04-22 07:20:48.939
2021-04-22 07:20:50,5951976.0,5952947.0,2021-04-22 07:20:50.015
2021-04-22 07:20:51,5951976.0,5952947.0,2021-04-22 07:20:51.080
2021-04-22 07:20:52,5951976.0,5952947.0,2021-04-22 07:20:52.234
2021-04-22 07:20:53,5951976.0,5952947.0,2021-04-22 07:20:53.250
2021-04-22 07:20:54,5951976.0,5952675.0,2021-04-22 07:20:54.350
2021-04-22 07:20:55,5951976.0,5952583.0,2021-04-22 07:20:55.376
2021-04-22 07:20:56,5950793.0,5951885.0,2021-04-22 07:20:56.395
2021-04-22 07:20:57,5950793.0,5950758.0,2021-04-22 07:20:57.425
2021-04-22 07:20:59,5950793.0,5951154.0,2021-04-22 07:20:59.150
2021-04-22 07:21:00,5950559.0,5950432.0,2021-04-22 07:21:00.160
2021-04-22 07:21:01,5950559.0,5950391.0,2021-04-22 07:21:01.257
2021-04-22 07:21:02,5950559.0,5950391.0,2021-04-22 07:21:02.382
2021-04-22 07:21:03,5950559.0,5950586.0,2021-04-22 07:21:03.421
2021-04-22 07:21:04,5950559.0,5950526.0,2021-04-22 07:21:04.497
2021-04-22 07:21:05,5948321.0,5948189.0,2021-04-22 07:21:05.514
2021-04-22 07:21:06,5948321.0,5948152.0,2021-04-22 07:21:06.538
2021-04-22 07:21:07,5948321.0,5948128.0,2021-04-22 07:21:07.634
2021-04-22 07:21:08,5948321.0,5948128.0,2021-04-22 07:21:08.667
2021-04-22 07:21:09,5948321.0,5948128.0,2021-04-22 07:21:09.720
2021-04-22 07:21:10,5948321.0,5948128.0,2021-04-22 07:21:10.786
2021-04-22 07:21:11,5948321.0,5948128.0,2021-04-22 07:21:11.799
2021-04-22 07:21:12,5948321.0,5948128.0,2021-04-22 07:21:12.846
2021-04-22 07:21:13,5948321.0,5948207.0,2021-04-22 07:21:13.887
2021-04-22 07:21:14,5948321.0,5948071.0,2021-04-22 07:21:14.912
2021-04-22 07:21:15,5948321.0,5948071.0,2021-04-22 07:21:15.962
2021-04-22 07:21:16,5948321.0,5948071.0,2021-04-22 07:21:16.973
2021-04-22 07:21:17,5948321.0,5947903.0,2021-04-22 07:21:17.988
2021-04-22 07:21:19,5947497.0,5947281.0,2021-04-22 07:21:19.003
2021-04-22 07:21:20,5947541.0,5947281.0,2021-04-22 07:21:20.100
2021-04-22 07:21:21,5947641.0,5947281.0,2021-04-22 07:21:21.139
2021-04-22 07:21:22,5947641.0,5947281.0,2021-04-22 07:21:22.198
2021-04-22 07:21:23,5947641.0,5947281.0,2021-04-22 07:21:23.246
2021-04-22 07:21:24,5947641.0,5947281.0,2021-04-22 07:21:24.393
2021-04-22 07:21:25,5947641.0,5947281.0,2021-04-22 07:21:25.546
2021-04-22 07:21:26,5947641.0,5947281.0,2021-04-22 07:21:26.559
2021-04-22 07:21:27,5947641.0,5947281.0,2021-04-22 07:21:27.594
2021-04-22 07:21:28,5947641.0,5947508.0,2021-04-22 07:21:28.765
2021-04-22 07:21:29,5947641.0,5947508.0,2021-04-22 07:21:29.784
2021-04-22 07:21:30,5947641.0,5947508.0,2021-04-22 07:21:30.797
2021-04-22 07:21:31,5947641.0,5947477.0,2021-04-22 07:21:31.805
2021-04-22 07:21:32,5947641.0,5947477.0,2021-04-22 07:21:32.841
2021-04-22 07:21:33,5947641.0,5947477.0,2021-04-22 07:21:33.886
2021-04-22 07:21:34,5945825.0,5947477.0,2021-04-22 07:21:34.929
2021-04-22 07:21:35,5946010.0,5947477.0,2021-04-22 07:21:35.980
2021-04-22 07:21:37,5947509.0,5946849.0,2021-04-22 07:21:37.020
2021-04-22 07:21:38,5947132.0,5947470.0,2021-04-22 07:21:38.124
2021-04-22 07:21:39,5946308.0,5947470.0,2021-04-22 07:21:39.161
2021-04-22 07:21:40,5946148.0,5946660.0,2021-04-22 07:21:40.198
2021-04-22 07:21:41,5946148.0,5946660.0,2021-04-22 07:21:41.211
2021-04-22 07:21:42,5946148.0,5946660.0,2021-04-22 07:21:42.235
2021-04-22 07:21:43,5946774.0,5946848.0,2021-04-22 07:21:43.384
2021-04-22 07:21:44,5947568.0,5947568.0,2021-04-22 07:21:44.421
2021-04-22 07:21:45,5945975.0,5947568.0,2021-04-22 07:21:45.480
2021-04-22 07:21:46,5946550.0,5947568.0,2021-04-22 07:21:46.496
2021-04-22 07:21:47,5946550.0,5947568.0,2021-04-22 07:21:47.509
2021-04-22 07:21:48,5946569.0,5947568.0,2021-04-22 07:21:48.530
2021-04-22 07:21:49,5946550.0,5947568.0,2021-04-22 07:21:49.592
2021-04-22 07:21:50,5946550.0,5947568.0,2021-04-22 07:21:50.603
2021-04-22 07:21:51,5946770.0,5947568.0,2021-04-22 07:21:51.630
2021-04-22 07:21:52,5946770.0,5947568.0,2021-04-22 07:21:52.650
2021-04-22 07:21:53,5946783.0,5947568.0,2021-04-22 07:21:53.737
2021-04-22 07:21:54,5946783.0,5947568.0,2021-04-22 07:21:54.772
2021-04-22 07:21:55,5946783.0,5947568.0,2021-04-22 07:21:55.849
2021-04-22 07:21:56,5947015.0,5947568.0,2021-04-22 07:21:56.879
2021-04-22 07:21:57,5947015.0,5948475.0,2021-04-22 07:21:57.897
2021-04-22 07:21:58,5947015.0,5948475.0,2021-04-22 07:21:58.943
2021-04-22 07:21:59,5947015.0,5948475.0,2021-04-22 07:21:59.959
2021-04-22 07:22:00,5947015.0,5948475.0,2021-04-22 07:22:00.977
2021-04-22 07:22:02,5945994.0,5948475.0,2021-04-22 07:22:02.017
2021-04-22 07:22:03,5946856.0,5948475.0,2021-04-22 07:22:03.093
2021-04-22 07:22:04,5945931.0,5948475.0,2021-04-22 07:22:04.120
2021-04-22 07:22:05,5945931.0,5948475.0,2021-04-22 07:22:05.142
2021-04-22 07:22:06,5945533.0,5945760.0,2021-04-22 07:22:06.171
2021-04-22 07:22:07,5945533.0,5945379.0,2021-04-22 07:22:07.186
2021-04-22 07:22:08,5945533.0,5945359.0,2021-04-22 07:22:08.231
2021-04-22 07:22:09,5944956.0,5944831.0,2021-04-22 07:22:09.254
2021-04-22 07:22:10,5943252.0,5944803.0,2021-04-22 07:22:10.346
2021-04-22 07:22:11,5943252.0,5944803.0,2021-04-22 07:22:11.358
2021-04-22 07:22:12,5943252.0,5944945.0,2021-04-22 07:22:12.387
2021-04-22 07:22:13,5943253.0,5944772.0,2021-04-22 07:22:13.453
2021-04-22 07:22:14,5943253.0,5944772.0,2021-04-22 07:22:14.505
2021-04-22 07:22:15,5943253.0,5944772.0,2021-04-22 07:22:15.665
2021-04-22 07:22:16,5943238.0,5944771.0,2021-04-22 07:22:16.682
2021-04-22 07:22:17,5942387.0,5944482.0,2021-04-22 07:22:17.702
2021-04-22 07:22:18,5942387.0,5944329.0,2021-04-22 07:22:18.837
2021-04-22 07:22:19,5942387.0,5944055.0,2021-04-22 07:22:19.892
2021-04-22 07:22:20,5942387.0,5943809.0,2021-04-22 07:22:20.984
2021-04-22 07:22:21,5942387.0,5943808.0,2021-04-22 07:22:21.993
2021-04-22 07:22:23,5942387.0,5943384.0,2021-04-22 07:22:23.025
2021-04-22 07:22:24,5940480.0,5943384.0,2021-04-22 07:22:24.037
2021-04-22 07:22:25,5940480.0,5943043.0,2021-04-22 07:22:25.138
2021-04-22 07:22:26,5940151.0,5943038.0,2021-04-22 07:22:26.145
2021-04-22 07:22:27,5940151.0,5943031.0,2021-04-22 07:22:27.154
2021-04-22 07:22:28,5940151.0,5942950.0,2021-04-22 07:22:28.175
2021-04-22 07:22:29,5940151.0,5942889.0,2021-04-22 07:22:29.206
2021-04-22 07:22:30,5940151.0,5942392.0,2021-04-22 07:22:30.239
2021-04-22 07:22:31,5940151.0,5942392.0,2021-04-22 07:22:31.274
2021-04-22 07:22:32,5940151.0,5942249.0,2021-04-22 07:22:32.311
2021-04-22 07:22:33,5940151.0,5942248.0,2021-04-22 07:22:33.364
2021-04-22 07:22:34,5940225.0,5942023.0,2021-04-22 07:22:34.438
2021-04-22 07:22:35,5940225.0,5942023.0,2021-04-22 07:22:35.526
2021-04-22 07:22:36,5940225.0,5942023.0,2021-04-22 07:22:36.541
2021-04-22 07:22:37,5940225.0,5942023.0,2021-04-22 07:22:37.548
2021-04-22 07:22:38,5939852.0,5942205.0,2021-04-22 07:22:38.563
2021-04-22 07:22:39,5939852.0,5942199.0,2021-04-22 07:22:39.575
2021-04-22 07:22:40,5939852.0,5941515.0,2021-04-22 07:22:40.611
2021-04-22 07:22:41,5939852.0,5941515.0,2021-04-22 07:22:41.626
2021-04-22 07:22:42,5940068.0,5941515.0,2021-04-22 07:22:42.648
2021-04-22 07:22:43,5940294.0,5942175.0,2021-04-22 07:22:43.673
2021-04-22 07:22:44,5941243.0,5942191.0,2021-04-22 07:22:44.817
2021-04-22 07:22:46,5941329.0,5943058.0,2021-04-22 07:22:46.004
2021-04-22 07:22:47,5941329.0,5942830.0,2021-04-22 07:22:47.057
2021-04-22 07:22:48,5941779.0,5942830.0,2021-04-22 07:22:48.087
2021-04-22 07:22:49,5941922.0,5942830.0,2021-04-22 07:22:49.103
2021-04-22 07:22:50,5941922.0,5943403.0,2021-04-22 07:22:50.120
2021-04-22 07:22:51,5941922.0,5943351.0,2021-04-22 07:22:51.162
2021-04-22 07:22:52,5942071.0,5943351.0,2021-04-22 07:22:52.171
2021-04-22 07:22:53,5942071.0,5943336.0,2021-04-22 07:22:53.185
2021-04-22 07:22:54,5942071.0,5943336.0,2021-04-22 07:22:54.203
2021-04-22 07:22:55,5942071.0,5943149.0,2021-04-22 07:22:55.241
2021-04-22 07:22:56,5942071.0,5943149.0,2021-04-22 07:22:56.283
2021-04-22 07:22:57,5942071.0,5943149.0,2021-04-22 07:22:57.373
2021-04-22 07:22:58,5941946.0,5943387.0,2021-04-22 07:22:58.588
2021-04-22 07:22:59,5941946.0,5943387.0,2021-04-22 07:22:59.597
2021-04-22 07:23:00,5941946.0,5943387.0,2021-04-22 07:23:00.609
2021-04-22 07:23:01,5941946.0,5943377.0,2021-04-22 07:23:01.618
2021-04-22 07:23:02,5942090.0,5943377.0,2021-04-22 07:23:02.637
2021-04-22 07:23:03,5942090.0,5943254.0,2021-04-22 07:23:03.665
2021-04-22 07:23:04,5942090.0,5943229.0,2021-04-22 07:23:04.682
2021-04-22 07:23:05,5942090.0,5943229.0,2021-04-22 07:23:05.711
2021-04-22 07:23:06,5942090.0,5943229.0,2021-04-22 07:23:06.763
2021-04-22 07:23:07,5941469.0,5943229.0,2021-04-22 07:23:07.860
2021-04-22 07:23:08,5941474.0,5943229.0,2021-04-22 07:23:08.891
2021-04-22 07:23:09,5941474.0,5943229.0,2021-04-22 07:23:09.908
2021-04-22 07:23:10,5941474.0,5943229.0,2021-04-22 07:23:10.918
2021-04-22 07:23:11,5941474.0,5943567.0,2021-04-22 07:23:11.954
2021-04-22 07:23:12,5941668.0,5943567.0,2021-04-22 07:23:12.986
2021-04-22 07:23:14,5941668.0,5943561.0,2021-04-22 07:23:14.003
2021-04-22 07:23:15,5941668.0,5943561.0,2021-04-22 07:23:15.020
2021-04-22 07:23:16,5939556.0,5939734.0,2021-04-22 07:23:16.042
2021-04-22 07:23:17,5939551.0,5938832.0,2021-04-22 07:23:17.080
2021-04-22 07:23:18,5937578.0,5938823.0,2021-04-22 07:23:18.095
2021-04-22 07:23:19,5937578.0,5938832.0,2021-04-22 07:23:19.125
2021-04-22 07:23:20,5937578.0,5938832.0,2021-04-22 07:23:20.205
2021-04-22 07:23:21,5937578.0,5938832.0,2021-04-22 07:23:21.221
2021-04-22 07:23:22,5937578.0,5938832.0,2021-04-22 07:23:22.312
2021-04-22 07:23:23,5937578.0,5938238.0,2021-04-22 07:23:23.351
2021-04-22 07:23:24,5937578.0,5938164.0,2021-04-22 07:23:24.385
2021-04-22 07:23:25,5937578.0,5938164.0,2021-04-22 07:23:25.419
2021-04-22 07:23:26,5936252.0,5938164.0,2021-04-22 07:23:26.450
2021-04-22 07:23:27,5936252.0,5937963.0,2021-04-22 07:23:27.514
2021-04-22 07:23:28,5936252.0,5937427.0,2021-04-22 07:23:28.596
2021-04-22 07:23:29,5935050.0,5937296.0,2021-04-22 07:23:29.624
2021-04-22 07:23:30,5935050.0,5937066.0,2021-04-22 07:23:30.656
2021-04-22 07:23:31,5935050.0,5936351.0,2021-04-22 07:23:31.672
2021-04-22 07:23:32,5935275.0,5936351.0,2021-04-22 07:23:32.724
2021-04-22 07:23:33,5935275.0,5935830.0,2021-04-22 07:23:33.750
2021-04-22 07:23:34,5935275.0,5935746.0,2021-04-22 07:23:34.763
2021-04-22 07:23:35,5935275.0,5935745.0,2021-04-22 07:23:35.779
2021-04-22 07:23:36,5933536.0,5933061.0,2021-04-22 07:23:36.795
2021-04-22 07:23:37,5932590.0,5933061.0,2021-04-22 07:23:37.849
2021-04-22 07:23:38,5932004.0,5932564.0,2021-04-22 07:23:38.874
2021-04-22 07:23:39,5932715.0,5932564.0,2021-04-22 07:23:39.911
2021-04-22 07:23:40,5932715.0,5932564.0,2021-04-22 07:23:40.984
2021-04-22 07:23:42,5932715.0,5932564.0,2021-04-22 07:23:42.014
2021-04-22 07:23:43,5932715.0,5932564.0,2021-04-22 07:23:43.036
2021-04-22 07:23:44,5932715.0,5932564.0,2021-04-22 07:23:44.167
2021-04-22 07:23:45,5932715.0,5932564.0,2021-04-22 07:23:45.224
2021-04-22 07:23:46,5932715.0,5934198.0,2021-04-22 07:23:46.250
2021-04-22 07:23:47,5933569.0,5934581.0,2021-04-22 07:23:47.324
2021-04-22 07:23:48,5933769.0,5936007.0,2021-04-22 07:23:48.338
2021-04-22 07:23:49,5933769.0,5936007.0,2021-04-22 07:23:49.382
2021-04-22 07:23:50,5933970.0,5936007.0,2021-04-22 07:23:50.411
2021-04-22 07:23:51,5933970.0,5936007.0,2021-04-22 07:23:51.459
2021-04-22 07:23:52,5933970.0,5936007.0,2021-04-22 07:23:52.473
2021-04-22 07:23:53,5933970.0,5936007.0,2021-04-22 07:23:53.534
2021-04-22 07:23:54,5933970.0,5936007.0,2021-04-22 07:23:54.543
2021-04-22 07:23:55,5933970.0,5936007.0,2021-04-22 07:23:55.557
2021-04-22 07:23:56,5933970.0,5935847.0,2021-04-22 07:23:56.571
2021-04-22 07:23:57,5933984.0,5935847.0,2021-04-22 07:23:57.601
2021-04-22 07:23:58,5934729.0,5935847.0,2021-04-22 07:23:58.612
2021-04-22 07:23:59,5935318.0,5935847.0,2021-04-22 07:23:59.620
2021-04-22 07:24:00,5935536.0,5935847.0,2021-04-22 07:24:00.637
2021-04-22 07:24:01,5934032.0,5935847.0,2021-04-22 07:24:01.763
2021-04-22 07:24:02,5934224.0,5935439.0,2021-04-22 07:24:02.838
2021-04-22 07:24:04,5934032.0,5935439.0,2021-04-22 07:24:04.044
2021-04-22 07:24:05,5933194.0,5935439.0,2021-04-22 07:24:05.141
2021-04-22 07:24:06,5933716.0,5935439.0,2021-04-22 07:24:06.148
2021-04-22 07:24:07,5933025.0,5935439.0,2021-04-22 07:24:07.176
2021-04-22 07:24:08,5932804.0,5935904.0,2021-04-22 07:24:08.319
2021-04-22 07:24:09,5932752.0,5933194.0,2021-04-22 07:24:09.357
2021-04-22 07:24:10,5930992.0,5932637.0,2021-04-22 07:24:10.476
2021-04-22 07:24:11,5930991.0,5932339.0,2021-04-22 07:24:11.488
2021-04-22 07:24:12,5930133.0,5932118.0,2021-04-22 07:24:12.502
2021-04-22 07:24:13,5930351.0,5933087.0,2021-04-22 07:24:13.561
2021-04-22 07:24:14,5930628.0,5932841.0,2021-04-22 07:24:14.582
2021-04-22 07:24:15,5930130.0,5932841.0,2021-04-22 07:24:15.645
2021-04-22 07:24:16,5930000.0,5932841.0,2021-04-22 07:24:16.693
2021-04-22 07:24:17,5929628.0,5932768.0,2021-04-22 07:24:17.835
2021-04-22 07:24:18,5929628.0,5933194.0,2021-04-22 07:24:18.852
2021-04-22 07:24:19,5928732.0,5930676.0,2021-04-22 07:24:19.911
2021-04-22 07:24:21,5928506.0,5929028.0,2021-04-22 07:24:20.998
2021-04-22 07:24:22,5928506.0,5928994.0,2021-04-22 07:24:22.032
2021-04-22 07:24:23,5929346.0,5928994.0,2021-04-22 07:24:23.136
2021-04-22 07:24:24,5929567.0,5928994.0,2021-04-22 07:24:24.160
2021-04-22 07:24:25,5928167.0,5928994.0,2021-04-22 07:24:25.176
2021-04-22 07:24:26,5928167.0,5928994.0,2021-04-22 07:24:26.252
2021-04-22 07:24:27,5928167.0,5928994.0,2021-04-22 07:24:27.260
2021-04-22 07:24:28,5928159.0,5928015.0,2021-04-22 07:24:28.360
2021-04-22 07:24:29,5928159.0,5928015.0,2021-04-22 07:24:29.458
2021-04-22 07:24:30,5928038.0,5929802.0,2021-04-22 07:24:30.468
2021-04-22 07:24:31,5927687.0,5929802.0,2021-04-22 07:24:31.476
2021-04-22 07:24:32,5927922.0,5929802.0,2021-04-22 07:24:32.652
2021-04-22 07:24:33,5927922.0,5929533.0,2021-04-22 07:24:33.680
2021-04-22 07:24:34,5926752.0,5926655.0,2021-04-22 07:24:34.728
2021-04-22 07:24:35,5927180.0,5929161.0,2021-04-22 07:24:35.799
2021-04-22 07:24:36,5927180.0,5928592.0,2021-04-22 07:24:36.863
2021-04-22 07:24:37,5927180.0,5928416.0,2021-04-22 07:24:37.888
2021-04-22 07:24:38,5927180.0,5928258.0,2021-04-22 07:24:38.899
2021-04-22 07:24:39,5927475.0,5928258.0,2021-04-22 07:24:39.927
2021-04-22 07:24:41,5927476.0,5928258.0,2021-04-22 07:24:41.034
2021-04-22 07:24:42,5927476.0,5928258.0,2021-04-22 07:24:42.265
2021-04-22 07:24:43,5927476.0,5928445.0,2021-04-22 07:24:43.316
2021-04-22 07:24:44,5927476.0,5928348.0,2021-04-22 07:24:44.337
2021-04-22 07:24:45,5927476.0,5928348.0,2021-04-22 07:24:45.382
2021-04-22 07:24:46,5927476.0,5928277.0,2021-04-22 07:24:46.412
2021-04-22 07:24:47,5927476.0,5927322.0,2021-04-22 07:24:47.427
2021-04-22 07:24:48,5926315.0,5927322.0,2021-04-22 07:24:48.436
2021-04-22 07:24:49,5926599.0,5927321.0,2021-04-22 07:24:49.521
2021-04-22 07:24:50,5926599.0,5927321.0,2021-04-22 07:24:50.565
2021-04-22 07:24:51,5926599.0,5927321.0,2021-04-22 07:24:51.594
2021-04-22 07:24:52,5926314.0,5927321.0,2021-04-22 07:24:52.777
2021-04-22 07:24:53,5926314.0,5928080.0,2021-04-22 07:24:53.810
2021-04-22 07:24:54,5926416.0,5927897.0,2021-04-22 07:24:54.867
2021-04-22 07:24:55,5926416.0,5927896.0,2021-04-22 07:24:55.953
2021-04-22 07:24:56,5926475.0,5927895.0,2021-04-22 07:24:56.970
2021-04-22 07:24:58,5926416.0,5928480.0,2021-04-22 07:24:58.015
2021-04-22 07:24:59,5926932.0,5928480.0,2021-04-22 07:24:59.032
2021-04-22 07:25:00,5926932.0,5928314.0,2021-04-22 07:25:00.141
2021-04-22 07:25:01,5928850.0,5929196.0,2021-04-22 07:25:01.188
2021-04-22 07:25:02,5928850.0,5929196.0,2021-04-22 07:25:02.195
2021-04-22 07:25:03,5928850.0,5929196.0,2021-04-22 07:25:03.206
2021-04-22 07:25:04,5928850.0,5929196.0,2021-04-22 07:25:04.285
2021-04-22 07:25:05,5928850.0,5929196.0,2021-04-22 07:25:05.327
2021-04-22 07:25:06,5928850.0,5929196.0,2021-04-22 07:25:06.358
2021-04-22 07:25:07,5928850.0,5929196.0,2021-04-22 07:25:07.443
2021-04-22 07:25:08,5928321.0,5929113.0,2021-04-22 07:25:08.506
2021-04-22 07:25:09,5928585.0,5929113.0,2021-04-22 07:25:09.548
2021-04-22 07:25:10,5928585.0,5929101.0,2021-04-22 07:25:10.645
2021-04-22 07:25:11,5928585.0,5929101.0,2021-04-22 07:25:11.659
2021-04-22 07:25:12,5928585.0,5930748.0,2021-04-22 07:25:12.696
2021-04-22 07:25:13,5928585.0,5930748.0,2021-04-22 07:25:13.725
2021-04-22 07:25:14,5928585.0,5930748.0,2021-04-22 07:25:14.743
2021-04-22 07:25:15,5929080.0,5930748.0,2021-04-22 07:25:15.765
2021-04-22 07:25:16,5929080.0,5930748.0,2021-04-22 07:25:16.787
2021-04-22 07:25:17,5929080.0,5931248.0,2021-04-22 07:25:17.823
2021-04-22 07:25:18,5929080.0,5931244.0,2021-04-22 07:25:18.886
2021-04-22 07:25:19,5929622.0,5931244.0,2021-04-22 07:25:19.975
2021-04-22 07:25:21,5929785.0,5931086.0,2021-04-22 07:25:21.021
2021-04-22 07:25:22,5929785.0,5931086.0,2021-04-22 07:25:22.091
2021-04-22 07:25:23,5929785.0,5931086.0,2021-04-22 07:25:23.112
2021-04-22 07:25:24,5929785.0,5931086.0,2021-04-22 07:25:24.151
2021-04-22 07:25:25,5929932.0,5931086.0,2021-04-22 07:25:25.172
2021-04-22 07:25:26,5929932.0,5931086.0,2021-04-22 07:25:26.193
2021-04-22 07:25:27,5931200.0,5931603.0,2021-04-22 07:25:27.212
2021-04-22 07:25:28,5931200.0,5931603.0,2021-04-22 07:25:28.217
2021-04-22 07:25:29,5931200.0,5931338.0,2021-04-22 07:25:29.242
2021-04-22 07:25:30,5931200.0,5931338.0,2021-04-22 07:25:30.285
2021-04-22 07:25:31,5928591.0,5931241.0,2021-04-22 07:25:31.298
2021-04-22 07:25:32,5928591.0,5931005.0,2021-04-22 07:25:32.369
2021-04-22 07:25:33,5928591.0,5929788.0,2021-04-22 07:25:33.388
2021-04-22 07:25:34,5928591.0,5929530.0,2021-04-22 07:25:34.445
2021-04-22 07:25:35,5928591.0,5929530.0,2021-04-22 07:25:35.483
2021-04-22 07:25:36,5928591.0,5929530.0,2021-04-22 07:25:36.514
2021-04-22 07:25:37,5928591.0,5929459.0,2021-04-22 07:25:37.536
2021-04-22 07:25:38,5926343.0,5928961.0,2021-04-22 07:25:38.567
2021-04-22 07:25:39,5926343.0,5928838.0,2021-04-22 07:25:39.583
2021-04-22 07:25:40,5926343.0,5928582.0,2021-04-22 07:25:40.616
2021-04-22 07:25:41,5926343.0,5928582.0,2021-04-22 07:25:41.671
2021-04-22 07:25:42,5926341.0,5928582.0,2021-04-22 07:25:42.695
2021-04-22 07:25:43,5926341.0,5928549.0,2021-04-22 07:25:43.742
2021-04-22 07:25:44,5926480.0,5928531.0,2021-04-22 07:25:44.801
2021-04-22 07:25:45,5926684.0,5928506.0,2021-04-22 07:25:45.819
2021-04-22 07:25:46,5926684.0,5928275.0,2021-04-22 07:25:46.832
2021-04-22 07:25:47,5925781.0,5928275.0,2021-04-22 07:25:47.845
2021-04-22 07:25:48,5925782.0,5928275.0,2021-04-22 07:25:48.856
2021-04-22 07:25:49,5926500.0,5928275.0,2021-04-22 07:25:49.867
2021-04-22 07:25:50,5926500.0,5928271.0,2021-04-22 07:25:50.906
2021-04-22 07:25:51,5926500.0,5928035.0,2021-04-22 07:25:51.927
2021-04-22 07:25:52,5926500.0,5928035.0,2021-04-22 07:25:52.969
2021-04-22 07:25:54,5926500.0,5928035.0,2021-04-22 07:25:54.013
2021-04-22 07:25:55,5925571.0,5928035.0,2021-04-22 07:25:55.042
2021-04-22 07:25:56,5925214.0,5928035.0,2021-04-22 07:25:56.049
2021-04-22 07:25:57,5925214.0,5927270.0,2021-04-22 07:25:57.064
2021-04-22 07:25:58,5925071.0,5928511.0,2021-04-22 07:25:58.080
2021-04-22 07:25:59,5925071.0,5928502.0,2021-04-22 07:25:59.087
2021-04-22 07:26:00,5925071.0,5928121.0,2021-04-22 07:26:00.120
2021-04-22 07:26:01,5925768.0,5928121.0,2021-04-22 07:26:01.150
2021-04-22 07:26:02,5925768.0,5928121.0,2021-04-22 07:26:02.169
2021-04-22 07:26:03,5925768.0,5928121.0,2021-04-22 07:26:03.199
2021-04-22 07:26:04,5926008.0,5928121.0,2021-04-22 07:26:04.318
2021-04-22 07:26:05,5926008.0,5928121.0,2021-04-22 07:26:05.381
2021-04-22 07:26:06,5926008.0,5926224.0,2021-04-22 07:26:06.404
2021-04-22 07:26:07,5926033.0,5926224.0,2021-04-22 07:26:07.420
2021-04-22 07:26:08,5926182.0,5926224.0,2021-04-22 07:26:08.468
2021-04-22 07:26:09,5926182.0,5928121.0,2021-04-22 07:26:09.484
2021-04-22 07:26:10,5926412.0,5928121.0,2021-04-22 07:26:10.600
2021-04-22 07:26:11,5926512.0,5928121.0,2021-04-22 07:26:11.676
2021-04-22 07:26:12,5926512.0,5928121.0,2021-04-22 07:26:12.697
2021-04-22 07:26:13,5926512.0,5928121.0,2021-04-22 07:26:13.735
2021-04-22 07:26:14,5926512.0,5928556.0,2021-04-22 07:26:14.766
2021-04-22 07:26:15,5926512.0,5928556.0,2021-04-22 07:26:15.786
2021-04-22 07:26:16,5926284.0,5928556.0,2021-04-22 07:26:16.817
2021-04-22 07:26:17,5926499.0,5928556.0,2021-04-22 07:26:17.839
2021-04-22 07:26:18,5926499.0,5928556.0,2021-04-22 07:26:18.855
2021-04-22 07:26:19,5926499.0,5928513.0,2021-04-22 07:26:19.869
2021-04-22 07:26:20,5926182.0,5928237.0,2021-04-22 07:26:20.914
2021-04-22 07:26:21,5925642.0,5926181.0,2021-04-22 07:26:21.941
2021-04-22 07:26:22,5925642.0,5926178.0,2021-04-22 07:26:22.956
2021-04-22 07:26:24,5925642.0,5926060.0,2021-04-22 07:26:24.023
2021-04-22 07:26:25,5925642.0,5926060.0,2021-04-22 07:26:25.098
2021-04-22 07:26:26,5925642.0,5926060.0,2021-04-22 07:26:26.123
2021-04-22 07:26:27,5925642.0,5926060.0,2021-04-22 07:26:27.238
2021-04-22 07:26:28,5924523.0,5926060.0,2021-04-22 07:26:28.314
2021-04-22 07:26:29,5924524.0,5927490.0,2021-04-22 07:26:29.374
2021-04-22 07:26:30,5924524.0,5927191.0,2021-04-22 07:26:30.423
2021-04-22 07:26:31,5924524.0,5927191.0,2021-04-22 07:26:31.450
2021-04-22 07:26:32,5924524.0,5927187.0,2021-04-22 07:26:32.501
2021-04-22 07:26:33,5924088.0,5924054.0,2021-04-22 07:26:33.573
2021-04-22 07:26:34,5923677.0,5923385.0,2021-04-22 07:26:34.605
2021-04-22 07:26:35,5923677.0,5923385.0,2021-04-22 07:26:35.650
2021-04-22 07:26:36,5923677.0,5923385.0,2021-04-22 07:26:36.666
2021-04-22 07:26:37,5920753.0,5922678.0,2021-04-22 07:26:37.673
2021-04-22 07:26:38,5920753.0,5921297.0,2021-04-22 07:26:38.716
2021-04-22 07:26:39,5920753.0,5920799.0,2021-04-22 07:26:39.739
2021-04-22 07:26:40,5920753.0,5920751.0,2021-04-22 07:26:40.818
2021-04-22 07:26:41,5920753.0,5920751.0,2021-04-22 07:26:41.826
2021-04-22 07:26:42,5919615.0,5920695.0,2021-04-22 07:26:42.834
2021-04-22 07:26:43,5919200.0,5919524.0,2021-04-22 07:26:43.850
2021-04-22 07:26:44,5920758.0,5920240.0,2021-04-22 07:26:44.855
2021-04-22 07:26:45,5920758.0,5920240.0,2021-04-22 07:26:45.886
2021-04-22 07:26:46,5920758.0,5920240.0,2021-04-22 07:26:46.890
2021-04-22 07:26:47,5920758.0,5920240.0,2021-04-22 07:26:47.903
2021-04-22 07:26:48,5919206.0,5920240.0,2021-04-22 07:26:48.960
2021-04-22 07:26:50,5919237.0,5920240.0,2021-04-22 07:26:50.006
2021-04-22 07:26:51,5919389.0,5920240.0,2021-04-22 07:26:51.056
2021-04-22 07:26:52,5922038.0,5921818.0,2021-04-22 07:26:52.078
2021-04-22 07:26:53,5922095.0,5921818.0,2021-04-22 07:26:53.093
2021-04-22 07:26:54,5922095.0,5921818.0,2021-04-22 07:26:54.111
2021-04-22 07:26:55,5922114.0,5921818.0,2021-04-22 07:26:55.136
2021-04-22 07:26:56,5922114.0,5921818.0,2021-04-22 07:26:56.163
2021-04-22 07:26:57,5922050.0,5921818.0,2021-04-22 07:26:57.227
2021-04-22 07:26:58,5919390.0,5921289.0,2021-04-22 07:26:58.241
2021-04-22 07:26:59,5919390.0,5920643.0,2021-04-22 07:26:59.248
2021-04-22 07:27:00,5919390.0,5920643.0,2021-04-22 07:27:00.254
2021-04-22 07:27:01,5919390.0,5920191.0,2021-04-22 07:27:01.279
2021-04-22 07:27:02,5919390.0,5920191.0,2021-04-22 07:27:02.327
2021-04-22 07:27:03,5918840.0,5919762.0,2021-04-22 07:27:03.357
2021-04-22 07:27:04,5918840.0,5919702.0,2021-04-22 07:27:04.383
2021-04-22 07:27:05,5918840.0,5919696.0,2021-04-22 07:27:05.390
2021-04-22 07:27:06,5918840.0,5919696.0,2021-04-22 07:27:06.398
2021-04-22 07:27:07,5918840.0,5919690.0,2021-04-22 07:27:07.408
2021-04-22 07:27:08,5918840.0,5919690.0,2021-04-22 07:27:08.442
2021-04-22 07:27:09,5918840.0,5919331.0,2021-04-22 07:27:09.452
2021-04-22 07:27:10,5918890.0,5919325.0,2021-04-22 07:27:10.491
2021-04-22 07:27:11,5916590.0,5917518.0,2021-04-22 07:27:11.536
2021-04-22 07:27:12,5916590.0,5917391.0,2021-04-22 07:27:12.569
2021-04-22 07:27:13,5915890.0,5915828.0,2021-04-22 07:27:13.607
2021-04-22 07:27:14,5912190.0,5912193.0,2021-04-22 07:27:14.672
2021-04-22 07:27:15,5912190.0,5912816.0,2021-04-22 07:27:15.719
2021-04-22 07:27:16,5912190.0,5912723.0,2021-04-22 07:27:16.743
2021-04-22 07:27:17,5913502.0,5914381.0,2021-04-22 07:27:17.748
2021-04-22 07:27:18,5913433.0,5914334.0,2021-04-22 07:27:18.757
2021-04-22 07:27:19,5913151.0,5913933.0,2021-04-22 07:27:19.765
2021-04-22 07:27:20,5913718.0,5913655.0,2021-04-22 07:27:20.771
2021-04-22 07:27:21,5913991.0,5913655.0,2021-04-22 07:27:21.794
2021-04-22 07:27:22,5913991.0,5913655.0,2021-04-22 07:27:22.802
2021-04-22 07:27:23,5913991.0,5913422.0,2021-04-22 07:27:23.840
2021-04-22 07:27:24,5911314.0,5913422.0,2021-04-22 07:27:24.919
2021-04-22 07:27:25,5910862.0,5910867.0,2021-04-22 07:27:25.947
2021-04-22 07:27:26,5910862.0,5910871.0,2021-04-22 07:27:26.956
2021-04-22 07:27:28,5910046.0,5910807.0,2021-04-22 07:27:28.007
2021-04-22 07:27:29,5910046.0,5910446.0,2021-04-22 07:27:29.057
2021-04-22 07:27:30,5910046.0,5910293.0,2021-04-22 07:27:30.129
2021-04-22 07:27:31,5910046.0,5910293.0,2021-04-22 07:27:31.152
2021-04-22 07:27:32,5910046.0,5910714.0,2021-04-22 07:27:32.196
2021-04-22 07:27:33,5910046.0,5910397.0,2021-04-22 07:27:33.248
2021-04-22 07:27:34,5910046.0,5910717.0,2021-04-22 07:27:34.260
2021-04-22 07:27:35,5910046.0,5910811.0,2021-04-22 07:27:35.267
2021-04-22 07:27:36,5911702.0,5913749.0,2021-04-22 07:27:36.278
2021-04-22 07:27:37,5911702.0,5913153.0,2021-04-22 07:27:37.320
2021-04-22 07:27:38,5911916.0,5913153.0,2021-04-22 07:27:38.334
2021-04-22 07:27:39,5912100.0,5913153.0,2021-04-22 07:27:39.347
2021-04-22 07:27:40,5912327.0,5913153.0,2021-04-22 07:27:40.437
2021-04-22 07:27:41,5912549.0,5913153.0,2021-04-22 07:27:41.473
2021-04-22 07:27:42,5912549.0,5913153.0,2021-04-22 07:27:42.490
2021-04-22 07:27:43,5912549.0,5913153.0,2021-04-22 07:27:43.541
2021-04-22 07:27:44,5912327.0,5911391.0,2021-04-22 07:27:44.650
2021-04-22 07:27:45,5912327.0,5911391.0,2021-04-22 07:27:45.654
2021-04-22 07:27:46,5912327.0,5911391.0,2021-04-22 07:27:46.673
2021-04-22 07:27:47,5911199.0,5911391.0,2021-04-22 07:27:47.691
2021-04-22 07:27:48,5911563.0,5911391.0,2021-04-22 07:27:48.700
2021-04-22 07:27:49,5911716.0,5911391.0,2021-04-22 07:27:49.750
2021-04-22 07:27:50,5901580.0,5906156.0,2021-04-22 07:27:50.788
2021-04-22 07:27:51,5905527.0,5906144.0,2021-04-22 07:27:51.794
2021-04-22 07:27:52,5902473.0,5904811.0,2021-04-22 07:27:52.805
2021-04-22 07:27:53,5896399.0,5901939.0,2021-04-22 07:27:53.813
2021-04-22 07:27:54,5900476.0,5901433.0,2021-04-22 07:27:54.818
2021-04-22 07:27:55,5900402.0,5900401.0,2021-04-22 07:27:55.840
2021-04-22 07:27:56,5901539.0,5903197.0,2021-04-22 07:27:56.852
2021-04-22 07:27:57,5895816.0,5896173.0,2021-04-22 07:27:57.864
2021-04-22 07:27:58,5894791.0,5895972.0,2021-04-22 07:27:58.893
2021-04-22 07:27:59,5888751.0,5895972.0,2021-04-22 07:27:59.897
2021-04-22 07:28:00,5889378.0,5899951.0,2021-04-22 07:28:00.926
2021-04-22 07:28:01,5897616.0,5898790.0,2021-04-22 07:28:01.941
2021-04-22 07:28:02,5896971.0,5896774.0,2021-04-22 07:28:02.961
2021-04-22 07:28:04,5896971.0,5896608.0,2021-04-22 07:28:04.014
2021-04-22 07:28:05,5895385.0,5894607.0,2021-04-22 07:28:05.036
2021-04-22 07:28:06,5895036.0,5898006.0,2021-04-22 07:28:06.074
2021-04-22 07:28:07,5895333.0,5898330.0,2021-04-22 07:28:07.086
2021-04-22 07:28:08,5895589.0,5898784.0,2021-04-22 07:28:08.104
2021-04-22 07:28:09,5897309.0,5899943.0,2021-04-22 07:28:09.117
2021-04-22 07:28:10,5897309.0,5899546.0,2021-04-22 07:28:10.136
2021-04-22 07:28:11,5897309.0,5899541.0,2021-04-22 07:28:11.146
2021-04-22 07:28:12,5897309.0,5898723.0,2021-04-22 07:28:12.200
2021-04-22 07:28:13,5896982.0,5898572.0,2021-04-22 07:28:13.238
