timestamp,bid,ask,tick_timestamp
2020-05-07 00:08:43,979997,980112,2020-05-07 00:08:43.672
2020-05-07 00:08:43,979998,980112,2020-05-07 00:08:43.944
2020-05-07 00:08:45,979998,980112,2020-05-07 00:08:45.032
2020-05-07 00:08:45,980024,980112,2020-05-07 00:08:45.380
2020-05-07 00:08:46,980030,980112,2020-05-07 00:08:46.183
2020-05-07 00:08:46,980036,980112,2020-05-07 00:08:46.449
2020-05-07 00:08:46,980029,980112,2020-05-07 00:08:46.781
2020-05-07 00:08:47,980041,980112,2020-05-07 00:08:47.229
2020-05-07 00:08:47,980041,980112,2020-05-07 00:08:47.679
2020-05-07 00:08:48,979930,980112,2020-05-07 00:08:48.089
2020-05-07 00:08:48,979931,980112,2020-05-07 00:08:48.369
2020-05-07 00:08:48,979931,980112,2020-05-07 00:08:48.670
2020-05-07 00:08:49,979952,980112,2020-05-07 00:08:49.716
2020-05-07 00:08:50,979957,980112,2020-05-07 00:08:50.068
2020-05-07 00:08:50,979958,980112,2020-05-07 00:08:50.423
2020-05-07 00:08:50,979958,980112,2020-05-07 00:08:50.868
2020-05-07 00:08:51,979962,980112,2020-05-07 00:08:51.287
2020-05-07 00:08:51,979969,980112,2020-05-07 00:08:51.614
2020-05-07 00:08:51,979969,980112,2020-05-07 00:08:51.873
2020-05-07 00:08:52,979969,980112,2020-05-07 00:08:52.251
2020-05-07 00:08:52,979973,980112,2020-05-07 00:08:52.839
2020-05-07 00:08:53,979994,980112,2020-05-07 00:08:53.148
2020-05-07 00:08:53,979999,980401,2020-05-07 00:08:53.423
2020-05-07 00:08:54,979999,980399,2020-05-07 00:08:54.293
2020-05-07 00:08:54,979999,980393,2020-05-07 00:08:54.574
2020-05-07 00:08:54,979999,980393,2020-05-07 00:08:54.875
2020-05-07 00:08:55,980000,980393,2020-05-07 00:08:55.137
2020-05-07 00:08:55,980000,980393,2020-05-07 00:08:55.419
2020-05-07 00:08:55,980000,980393,2020-05-07 00:08:55.703
2020-05-07 00:08:55,980006,980393,2020-05-07 00:08:55.980
2020-05-07 00:08:56,980009,980393,2020-05-07 00:08:56.258
2020-05-07 00:08:56,980011,980393,2020-05-07 00:08:56.518
2020-05-07 00:08:56,980032,980511,2020-05-07 00:08:56.784
2020-05-07 00:08:57,980032,980511,2020-05-07 00:08:57.067
2020-05-07 00:08:57,980037,980510,2020-05-07 00:08:57.377
2020-05-07 00:08:57,980037,980510,2020-05-07 00:08:57.940
2020-05-07 00:08:58,980040,980508,2020-05-07 00:08:58.216
2020-05-07 00:08:58,980040,980508,2020-05-07 00:08:58.469
2020-05-07 00:08:58,980040,980508,2020-05-07 00:08:58.901
2020-05-07 00:08:59,980048,980506,2020-05-07 00:08:59.420
2020-05-07 00:08:59,980048,980506,2020-05-07 00:08:59.687
2020-05-07 00:08:59,980054,980505,2020-05-07 00:08:59.969
2020-05-07 00:09:00,980054,980505,2020-05-07 00:09:00.249
2020-05-07 00:09:00,980335,980505,2020-05-07 00:09:00.514
2020-05-07 00:09:00,980335,980665,2020-05-07 00:09:00.776
2020-05-07 00:09:01,980335,980504,2020-05-07 00:09:01.078
2020-05-07 00:09:01,980335,980504,2020-05-07 00:09:01.406
2020-05-07 00:09:01,980335,980503,2020-05-07 00:09:01.670
2020-05-07 00:09:01,980130,980663,2020-05-07 00:09:01.965
2020-05-07 00:09:02,980130,980662,2020-05-07 00:09:02.227
2020-05-07 00:09:02,980131,980656,2020-05-07 00:09:02.534
2020-05-07 00:09:02,980132,980656,2020-05-07 00:09:02.850
2020-05-07 00:09:03,980136,980655,2020-05-07 00:09:03.128
2020-05-07 00:09:03,980136,980655,2020-05-07 00:09:03.562
2020-05-07 00:09:03,980137,980654,2020-05-07 00:09:03.863
2020-05-07 00:09:04,980137,980654,2020-05-07 00:09:04.125
2020-05-07 00:09:04,980142,980656,2020-05-07 00:09:04.832
2020-05-07 00:09:05,980190,980655,2020-05-07 00:09:05.126
2020-05-07 00:09:05,980190,980652,2020-05-07 00:09:05.418
2020-05-07 00:09:05,980211,980651,2020-05-07 00:09:05.789
2020-05-07 00:09:06,980216,980650,2020-05-07 00:09:06.061
2020-05-07 00:09:06,980216,980650,2020-05-07 00:09:06.379
2020-05-07 00:09:07,980216,980650,2020-05-07 00:09:07.294
2020-05-07 00:09:07,980217,980641,2020-05-07 00:09:07.553
2020-05-07 00:09:07,980222,980641,2020-05-07 00:09:07.825
2020-05-07 00:09:08,980222,980640,2020-05-07 00:09:08.160
2020-05-07 00:09:08,980222,980634,2020-05-07 00:09:08.828
2020-05-07 00:09:09,980086,980632,2020-05-07 00:09:09.122
2020-05-07 00:09:09,980086,980611,2020-05-07 00:09:09.494
2020-05-07 00:09:09,980087,980610,2020-05-07 00:09:09.785
2020-05-07 00:09:10,980086,980610,2020-05-07 00:09:10.071
2020-05-07 00:09:10,980092,980609,2020-05-07 00:09:10.345
2020-05-07 00:09:10,980092,980609,2020-05-07 00:09:10.848
2020-05-07 00:09:11,979992,980602,2020-05-07 00:09:11.134
2020-05-07 00:09:11,979992,980602,2020-05-07 00:09:11.405
2020-05-07 00:09:11,979992,980601,2020-05-07 00:09:11.688
2020-05-07 00:09:11,979993,980600,2020-05-07 00:09:11.972
2020-05-07 00:09:13,979993,980594,2020-05-07 00:09:13.100
2020-05-07 00:09:13,980111,980585,2020-05-07 00:09:13.378
2020-05-07 00:09:13,980111,980585,2020-05-07 00:09:13.729
2020-05-07 00:09:14,980111,980584,2020-05-07 00:09:14.013
2020-05-07 00:09:14,980111,980584,2020-05-07 00:09:14.285
2020-05-07 00:09:14,980005,980583,2020-05-07 00:09:14.574
2020-05-07 00:09:14,980005,980583,2020-05-07 00:09:14.837
2020-05-07 00:09:15,980006,980576,2020-05-07 00:09:15.157
2020-05-07 00:09:15,980118,980574,2020-05-07 00:09:15.412
2020-05-07 00:09:15,980118,980574,2020-05-07 00:09:15.673
2020-05-07 00:09:16,980118,980573,2020-05-07 00:09:16.068
2020-05-07 00:09:16,980118,980567,2020-05-07 00:09:16.367
2020-05-07 00:09:16,980015,980566,2020-05-07 00:09:16.649
2020-05-07 00:09:16,980015,980545,2020-05-07 00:09:16.940
2020-05-07 00:09:17,980016,980545,2020-05-07 00:09:17.213
2020-05-07 00:09:17,980020,980544,2020-05-07 00:09:17.533
2020-05-07 00:09:17,980020,980544,2020-05-07 00:09:17.864
2020-05-07 00:09:18,980021,980544,2020-05-07 00:09:18.215
2020-05-07 00:09:18,980022,980543,2020-05-07 00:09:18.494
2020-05-07 00:09:18,980023,980536,2020-05-07 00:09:18.868
2020-05-07 00:09:19,980023,980536,2020-05-07 00:09:19.492
2020-05-07 00:09:20,980028,980536,2020-05-07 00:09:20.072
2020-05-07 00:09:20,980034,980528,2020-05-07 00:09:20.367
2020-05-07 00:09:20,980034,980528,2020-05-07 00:09:20.666
2020-05-07 00:09:21,980035,980506,2020-05-07 00:09:21.222
2020-05-07 00:09:21,980035,980505,2020-05-07 00:09:21.500
2020-05-07 00:09:21,980036,980504,2020-05-07 00:09:21.767
2020-05-07 00:09:22,980041,980498,2020-05-07 00:09:22.056
2020-05-07 00:09:22,980041,980498,2020-05-07 00:09:22.437
2020-05-07 00:09:23,980042,980497,2020-05-07 00:09:23.017
2020-05-07 00:09:23,980047,980490,2020-05-07 00:09:23.309
2020-05-07 00:09:23,979958,980490,2020-05-07 00:09:23.614
2020-05-07 00:09:23,979958,980489,2020-05-07 00:09:23.957
2020-05-07 00:09:24,979958,980482,2020-05-07 00:09:24.234
2020-05-07 00:09:24,979940,980482,2020-05-07 00:09:24.506
2020-05-07 00:09:25,979940,980481,2020-05-07 00:09:25.229
2020-05-07 00:09:25,979946,980459,2020-05-07 00:09:25.494
2020-05-07 00:09:25,979946,980459,2020-05-07 00:09:25.777
2020-05-07 00:09:26,979940,980452,2020-05-07 00:09:26.073
2020-05-07 00:09:26,979940,980451,2020-05-07 00:09:26.360
2020-05-07 00:09:26,979940,980451,2020-05-07 00:09:26.826
2020-05-07 00:09:27,979771,980444,2020-05-07 00:09:27.102
2020-05-07 00:09:27,979771,980444,2020-05-07 00:09:27.361
2020-05-07 00:09:27,979771,980442,2020-05-07 00:09:27.614
2020-05-07 00:09:28,979771,980442,2020-05-07 00:09:27.999
2020-05-07 00:09:28,979771,980442,2020-05-07 00:09:28.270
2020-05-07 00:09:28,979773,980441,2020-05-07 00:09:28.545
2020-05-07 00:09:29,979773,980440,2020-05-07 00:09:29.206
2020-05-07 00:09:29,979799,980432,2020-05-07 00:09:29.464
2020-05-07 00:09:30,979806,980425,2020-05-07 00:09:30.067
2020-05-07 00:09:30,979806,980425,2020-05-07 00:09:30.334
2020-05-07 00:09:30,979810,980424,2020-05-07 00:09:30.627
2020-05-07 00:09:30,979810,980423,2020-05-07 00:09:30.918
2020-05-07 00:09:31,979811,980423,2020-05-07 00:09:31.227
2020-05-07 00:09:31,979813,980416,2020-05-07 00:09:31.578
2020-05-07 00:09:31,979813,980415,2020-05-07 00:09:31.881
2020-05-07 00:09:32,979813,980414,2020-05-07 00:09:32.169
2020-05-07 00:09:32,979828,980408,2020-05-07 00:09:32.432
2020-05-07 00:09:32,979828,980408,2020-05-07 00:09:32.693
2020-05-07 00:09:32,979849,980406,2020-05-07 00:09:32.987
2020-05-07 00:09:33,979849,980406,2020-05-07 00:09:33.279
2020-05-07 00:09:33,979850,980406,2020-05-07 00:09:33.546
2020-05-07 00:09:33,979905,980405,2020-05-07 00:09:33.811
2020-05-07 00:09:34,979910,980404,2020-05-07 00:09:34.093
2020-05-07 00:09:34,979910,980404,2020-05-07 00:09:34.354
2020-05-07 00:09:34,979910,980397,2020-05-07 00:09:34.624
2020-05-07 00:09:34,979910,980397,2020-05-07 00:09:34.885
2020-05-07 00:09:35,979912,980396,2020-05-07 00:09:35.152
2020-05-07 00:09:35,979916,980390,2020-05-07 00:09:35.403
2020-05-07 00:09:35,979916,980390,2020-05-07 00:09:35.656
2020-05-07 00:09:35,979916,980389,2020-05-07 00:09:35.931
2020-05-07 00:09:36,979916,980388,2020-05-07 00:09:36.183
2020-05-07 00:09:36,979914,980388,2020-05-07 00:09:36.476
2020-05-07 00:09:36,979914,980388,2020-05-07 00:09:36.810
2020-05-07 00:09:37,979919,980380,2020-05-07 00:09:37.080
2020-05-07 00:09:37,979936,980380,2020-05-07 00:09:37.347
2020-05-07 00:09:37,979895,979935,2020-05-07 00:09:37.613
2020-05-07 00:09:37,979920,979935,2020-05-07 00:09:37.898
2020-05-07 00:09:38,979920,979935,2020-05-07 00:09:38.190
2020-05-07 00:09:38,979644,979930,2020-05-07 00:09:38.464
2020-05-07 00:09:38,979649,979930,2020-05-07 00:09:38.724
2020-05-07 00:09:38,979649,979930,2020-05-07 00:09:38.989
2020-05-07 00:09:39,979649,979935,2020-05-07 00:09:39.834
2020-05-07 00:09:40,979649,979935,2020-05-07 00:09:40.323
2020-05-07 00:09:40,979648,979930,2020-05-07 00:09:40.584
2020-05-07 00:09:40,979609,979930,2020-05-07 00:09:40.850
2020-05-07 00:09:41,979609,980141,2020-05-07 00:09:41.129
2020-05-07 00:09:41,979654,980140,2020-05-07 00:09:41.410
2020-05-07 00:09:41,979658,980135,2020-05-07 00:09:41.701
2020-05-07 00:09:42,979658,980135,2020-05-07 00:09:42.013
2020-05-07 00:09:42,979659,980135,2020-05-07 00:09:42.291
2020-05-07 00:09:42,979659,980159,2020-05-07 00:09:42.550
2020-05-07 00:09:42,979659,980159,2020-05-07 00:09:42.839
2020-05-07 00:09:43,979660,980159,2020-05-07 00:09:43.132
2020-05-07 00:09:43,979664,980159,2020-05-07 00:09:43.434
2020-05-07 00:09:43,979666,980157,2020-05-07 00:09:43.721
2020-05-07 00:09:44,979667,980157,2020-05-07 00:09:44.027
2020-05-07 00:09:44,979688,980156,2020-05-07 00:09:44.321
2020-05-07 00:09:44,979689,980158,2020-05-07 00:09:44.645
2020-05-07 00:09:44,979693,980158,2020-05-07 00:09:44.928
2020-05-07 00:09:45,979693,980157,2020-05-07 00:09:45.267
2020-05-07 00:09:45,979690,980157,2020-05-07 00:09:45.526
2020-05-07 00:09:45,979695,980157,2020-05-07 00:09:45.798
2020-05-07 00:09:46,979695,980157,2020-05-07 00:09:46.434
2020-05-07 00:09:46,979785,980157,2020-05-07 00:09:46.802
2020-05-07 00:09:47,979786,980158,2020-05-07 00:09:47.098
2020-05-07 00:09:47,979790,980158,2020-05-07 00:09:47.367
2020-05-07 00:09:47,979790,980158,2020-05-07 00:09:47.645
2020-05-07 00:09:48,979792,980158,2020-05-07 00:09:48.070
2020-05-07 00:09:48,979792,980158,2020-05-07 00:09:48.825
2020-05-07 00:09:49,979801,980132,2020-05-07 00:09:49.083
2020-05-07 00:09:49,979801,980132,2020-05-07 00:09:49.460
2020-05-07 00:09:49,979801,980132,2020-05-07 00:09:49.957
2020-05-07 00:09:50,979801,980137,2020-05-07 00:09:50.238
2020-05-07 00:09:50,979801,980132,2020-05-07 00:09:50.596
2020-05-07 00:09:50,979801,980132,2020-05-07 00:09:50.883
2020-05-07 00:09:51,979801,980162,2020-05-07 00:09:51.195
2020-05-07 00:09:51,979784,980157,2020-05-07 00:09:51.465
2020-05-07 00:09:51,979784,980157,2020-05-07 00:09:51.730
2020-05-07 00:09:52,979784,980157,2020-05-07 00:09:52.011
2020-05-07 00:09:52,979781,980157,2020-05-07 00:09:52.283
2020-05-07 00:09:52,979781,980157,2020-05-07 00:09:52.640
2020-05-07 00:09:53,979786,980135,2020-05-07 00:09:53.411
2020-05-07 00:09:54,979707,980130,2020-05-07 00:09:54.190
2020-05-07 00:09:54,979670,980128,2020-05-07 00:09:54.466
2020-05-07 00:09:54,979669,980128,2020-05-07 00:09:54.786
2020-05-07 00:09:55,979723,980128,2020-05-07 00:09:55.099
2020-05-07 00:09:55,979723,980128,2020-05-07 00:09:55.450
2020-05-07 00:09:56,979724,980124,2020-05-07 00:09:56.464
2020-05-07 00:09:56,979724,980098,2020-05-07 00:09:56.726
2020-05-07 00:09:57,979729,980098,2020-05-07 00:09:57.043
2020-05-07 00:09:57,979725,980093,2020-05-07 00:09:57.336
2020-05-07 00:09:57,979542,980093,2020-05-07 00:09:57.595
2020-05-07 00:09:57,979730,980092,2020-05-07 00:09:57.935
2020-05-07 00:09:58,979543,980087,2020-05-07 00:09:58.470
2020-05-07 00:09:58,979552,980087,2020-05-07 00:09:58.744
2020-05-07 00:09:59,979552,980087,2020-05-07 00:09:59.018
2020-05-07 00:09:59,979565,980086,2020-05-07 00:09:59.760
2020-05-07 00:10:00,979565,980079,2020-05-07 00:10:00.017
2020-05-07 00:10:00,979565,980079,2020-05-07 00:10:00.299
2020-05-07 00:10:00,979761,980079,2020-05-07 00:10:00.974
2020-05-07 00:10:01,979577,980053,2020-05-07 00:10:01.935
2020-05-07 00:10:02,979576,980052,2020-05-07 00:10:02.226
2020-05-07 00:10:02,979583,980045,2020-05-07 00:10:02.514
2020-05-07 00:10:02,979583,980044,2020-05-07 00:10:02.826
2020-05-07 00:10:03,979629,980039,2020-05-07 00:10:03.672
2020-05-07 00:10:04,979629,980018,2020-05-07 00:10:04.159
2020-05-07 00:10:04,979635,980017,2020-05-07 00:10:04.469
2020-05-07 00:10:04,979635,980017,2020-05-07 00:10:04.748
2020-05-07 00:10:05,979635,980012,2020-05-07 00:10:05.354
2020-05-07 00:10:06,979642,980010,2020-05-07 00:10:06.388
2020-05-07 00:10:06,979642,980006,2020-05-07 00:10:06.957
2020-05-07 00:10:07,979642,980009,2020-05-07 00:10:07.227
2020-05-07 00:10:07,979642,980009,2020-05-07 00:10:07.528
2020-05-07 00:10:07,979642,980009,2020-05-07 00:10:07.794
2020-05-07 00:10:08,979649,980004,2020-05-07 00:10:08.054
2020-05-07 00:10:08,979650,979983,2020-05-07 00:10:08.382
2020-05-07 00:10:08,979650,979978,2020-05-07 00:10:08.841
2020-05-07 00:10:09,979650,979978,2020-05-07 00:10:09.158
2020-05-07 00:10:09,979650,979978,2020-05-07 00:10:09.472
2020-05-07 00:10:09,979650,979978,2020-05-07 00:10:09.823
2020-05-07 00:10:10,979650,979978,2020-05-07 00:10:10.086
2020-05-07 00:10:10,979650,979978,2020-05-07 00:10:10.534
2020-05-07 00:10:11,979650,979978,2020-05-07 00:10:11.080
2020-05-07 00:10:11,979659,980049,2020-05-07 00:10:11.360
2020-05-07 00:10:11,979659,980049,2020-05-07 00:10:11.695
2020-05-07 00:10:11,979666,980075,2020-05-07 00:10:11.959
2020-05-07 00:10:12,979666,980075,2020-05-07 00:10:12.263
2020-05-07 00:10:12,979666,980075,2020-05-07 00:10:12.641
2020-05-07 00:10:12,979670,980054,2020-05-07 00:10:12.928
2020-05-07 00:10:13,979670,980054,2020-05-07 00:10:13.651
2020-05-07 00:10:13,979670,980054,2020-05-07 00:10:13.924
2020-05-07 00:10:14,979671,980048,2020-05-07 00:10:14.265
2020-05-07 00:10:14,979671,980048,2020-05-07 00:10:14.662
2020-05-07 00:10:15,979639,980046,2020-05-07 00:10:15.378
2020-05-07 00:10:15,979639,980046,2020-05-07 00:10:15.979
2020-05-07 00:10:16,979639,980046,2020-05-07 00:10:16.288
2020-05-07 00:10:16,979646,980044,2020-05-07 00:10:16.832
2020-05-07 00:10:17,979646,980044,2020-05-07 00:10:17.631
2020-05-07 00:10:17,979646,980044,2020-05-07 00:10:17.943
2020-05-07 00:10:18,979646,980044,2020-05-07 00:10:18.211
2020-05-07 00:10:18,979646,980044,2020-05-07 00:10:18.542
2020-05-07 00:10:18,979653,980118,2020-05-07 00:10:18.884
2020-05-07 00:10:19,979653,980118,2020-05-07 00:10:19.227
2020-05-07 00:10:19,979653,980095,2020-05-07 00:10:19.751
2020-05-07 00:10:20,979653,980094,2020-05-07 00:10:20.025
2020-05-07 00:10:20,979653,980094,2020-05-07 00:10:20.351
2020-05-07 00:10:20,979653,980089,2020-05-07 00:10:20.630
2020-05-07 00:10:20,979653,980089,2020-05-07 00:10:20.898
2020-05-07 00:10:21,979653,980089,2020-05-07 00:10:21.185
2020-05-07 00:10:21,979653,980089,2020-05-07 00:10:21.486
2020-05-07 00:10:21,979653,980089,2020-05-07 00:10:21.738
2020-05-07 00:10:22,979653,980089,2020-05-07 00:10:22.025
2020-05-07 00:10:22,979660,980087,2020-05-07 00:10:22.314
2020-05-07 00:10:22,979660,980087,2020-05-07 00:10:22.595
2020-05-07 00:10:23,979660,980087,2020-05-07 00:10:23.331
2020-05-07 00:10:23,979660,980064,2020-05-07 00:10:23.594
2020-05-07 00:10:24,979660,980059,2020-05-07 00:10:24.387
2020-05-07 00:10:25,979653,980056,2020-05-07 00:10:25.128
2020-05-07 00:10:25,979653,980056,2020-05-07 00:10:25.397
2020-05-07 00:10:25,979653,980056,2020-05-07 00:10:25.715
2020-05-07 00:10:26,979653,980056,2020-05-07 00:10:26.069
2020-05-07 00:10:26,979653,980056,2020-05-07 00:10:26.827
2020-05-07 00:10:27,979653,980052,2020-05-07 00:10:27.836
2020-05-07 00:10:28,979660,979897,2020-05-07 00:10:28.105
2020-05-07 00:10:28,979660,979897,2020-05-07 00:10:28.476
2020-05-07 00:10:28,979715,980015,2020-05-07 00:10:28.782
2020-05-07 00:10:29,979721,980015,2020-05-07 00:10:29.037
2020-05-07 00:10:29,979721,980015,2020-05-07 00:10:29.300
2020-05-07 00:10:29,979721,980015,2020-05-07 00:10:29.564
2020-05-07 00:10:29,979728,980015,2020-05-07 00:10:29.836
2020-05-07 00:10:30,979728,980000,2020-05-07 00:10:30.103
2020-05-07 00:10:30,979728,980000,2020-05-07 00:10:30.625
2020-05-07 00:10:31,979728,980000,2020-05-07 00:10:31.715
2020-05-07 00:10:32,979728,980000,2020-05-07 00:10:32.006
2020-05-07 00:10:32,979717,980000,2020-05-07 00:10:32.327
2020-05-07 00:10:32,979723,980000,2020-05-07 00:10:32.648
2020-05-07 00:10:32,979728,980000,2020-05-07 00:10:32.948
2020-05-07 00:10:33,979733,980000,2020-05-07 00:10:33.221
2020-05-07 00:10:33,979733,980000,2020-05-07 00:10:33.572
2020-05-07 00:10:33,979733,980000,2020-05-07 00:10:33.985
2020-05-07 00:10:34,979734,980000,2020-05-07 00:10:34.521
2020-05-07 00:10:34,979734,980000,2020-05-07 00:10:34.788
2020-05-07 00:10:35,979735,979741,2020-05-07 00:10:35.239
2020-05-07 00:10:35,979735,979741,2020-05-07 00:10:35.493
2020-05-07 00:10:35,979650,979741,2020-05-07 00:10:35.754
2020-05-07 00:10:36,979650,979741,2020-05-07 00:10:36.015
2020-05-07 00:10:36,979650,979741,2020-05-07 00:10:36.393
2020-05-07 00:10:36,979650,979741,2020-05-07 00:10:36.830
2020-05-07 00:10:37,979643,979992,2020-05-07 00:10:37.102
2020-05-07 00:10:37,979640,979969,2020-05-07 00:10:37.378
2020-05-07 00:10:37,979640,979969,2020-05-07 00:10:37.644
2020-05-07 00:10:37,979646,979968,2020-05-07 00:10:37.939
2020-05-07 00:10:38,979640,979967,2020-05-07 00:10:38.229
2020-05-07 00:10:38,979640,979961,2020-05-07 00:10:38.677
2020-05-07 00:10:38,979643,979961,2020-05-07 00:10:38.969
2020-05-07 00:10:39,979638,979961,2020-05-07 00:10:39.324
2020-05-07 00:10:39,979642,979961,2020-05-07 00:10:39.608
2020-05-07 00:10:39,979643,979961,2020-05-07 00:10:39.889
2020-05-07 00:10:40,979639,979961,2020-05-07 00:10:40.182
2020-05-07 00:10:40,979650,979961,2020-05-07 00:10:40.497
2020-05-07 00:10:40,979650,979961,2020-05-07 00:10:40.759
2020-05-07 00:10:43,979650,979961,2020-05-07 00:10:43.079
2020-05-07 00:10:43,979656,979987,2020-05-07 00:10:43.342
2020-05-07 00:10:44,979655,979980,2020-05-07 00:10:44.104
2020-05-07 00:10:44,979655,979980,2020-05-07 00:10:44.821
2020-05-07 00:10:45,979655,979980,2020-05-07 00:10:45.126
2020-05-07 00:10:45,979655,979975,2020-05-07 00:10:45.458
2020-05-07 00:10:46,979655,979975,2020-05-07 00:10:46.158
2020-05-07 00:10:46,979655,979973,2020-05-07 00:10:46.465
2020-05-07 00:10:46,979655,979973,2020-05-07 00:10:46.785
2020-05-07 00:10:47,979655,979972,2020-05-07 00:10:47.118
2020-05-07 00:10:47,979655,979950,2020-05-07 00:10:47.382
2020-05-07 00:10:47,979655,979950,2020-05-07 00:10:47.675
2020-05-07 00:10:48,979655,979950,2020-05-07 00:10:48.030
2020-05-07 00:10:48,979655,979945,2020-05-07 00:10:48.923
2020-05-07 00:10:49,979655,979942,2020-05-07 00:10:49.190
2020-05-07 00:10:49,979655,979942,2020-05-07 00:10:49.458
2020-05-07 00:10:49,979655,979942,2020-05-07 00:10:49.723
2020-05-07 00:10:50,979655,979942,2020-05-07 00:10:49.997
2020-05-07 00:10:50,979655,979942,2020-05-07 00:10:50.266
2020-05-07 00:10:50,979655,979942,2020-05-07 00:10:50.834
2020-05-07 00:10:51,979655,980000,2020-05-07 00:10:51.128
2020-05-07 00:10:51,979655,980000,2020-05-07 00:10:51.397
2020-05-07 00:10:51,979655,980000,2020-05-07 00:10:51.694
2020-05-07 00:10:52,979655,980000,2020-05-07 00:10:52.824
2020-05-07 00:10:53,979655,980000,2020-05-07 00:10:53.126
2020-05-07 00:10:53,980092,980230,2020-05-07 00:10:53.391
2020-05-07 00:10:53,980092,980248,2020-05-07 00:10:53.812
2020-05-07 00:10:54,980093,980521,2020-05-07 00:10:54.110
2020-05-07 00:10:54,980230,980338,2020-05-07 00:10:54.380
2020-05-07 00:10:55,980230,980338,2020-05-07 00:10:55.128
2020-05-07 00:10:55,980230,980592,2020-05-07 00:10:55.599
2020-05-07 00:10:55,980230,980597,2020-05-07 00:10:55.868
2020-05-07 00:10:56,980230,980863,2020-05-07 00:10:56.124
2020-05-07 00:10:56,980230,980996,2020-05-07 00:10:56.401
2020-05-07 00:10:56,980231,980931,2020-05-07 00:10:56.678
2020-05-07 00:10:56,980232,980996,2020-05-07 00:10:56.941
2020-05-07 00:10:57,980237,980930,2020-05-07 00:10:57.232
2020-05-07 00:10:57,980237,980930,2020-05-07 00:10:57.794
2020-05-07 00:10:58,980330,980925,2020-05-07 00:10:58.061
2020-05-07 00:10:58,980354,980924,2020-05-07 00:10:58.331
2020-05-07 00:10:58,980354,980924,2020-05-07 00:10:58.726
2020-05-07 00:10:59,980361,980920,2020-05-07 00:10:58.983
2020-05-07 00:10:59,980389,980914,2020-05-07 00:10:59.997
2020-05-07 00:11:00,980466,980914,2020-05-07 00:11:00.248
2020-05-07 00:11:00,980466,980914,2020-05-07 00:11:00.505
2020-05-07 00:11:00,980471,980915,2020-05-07 00:11:00.772
2020-05-07 00:11:01,980471,980915,2020-05-07 00:11:01.115
2020-05-07 00:11:01,980471,980915,2020-05-07 00:11:01.380
2020-05-07 00:11:01,980471,980915,2020-05-07 00:11:01.687
2020-05-07 00:11:02,980487,980936,2020-05-07 00:11:02.421
2020-05-07 00:11:02,980487,980936,2020-05-07 00:11:02.682
2020-05-07 00:11:03,980575,980935,2020-05-07 00:11:03.384
2020-05-07 00:11:03,980936,980940,2020-05-07 00:11:03.665
2020-05-07 00:11:03,980578,980936,2020-05-07 00:11:03.936
2020-05-07 00:11:04,980582,980936,2020-05-07 00:11:04.414
2020-05-07 00:11:04,980585,980915,2020-05-07 00:11:04.722
2020-05-07 00:11:04,980585,980915,2020-05-07 00:11:04.992
2020-05-07 00:11:05,980591,980915,2020-05-07 00:11:05.324
2020-05-07 00:11:05,980592,980915,2020-05-07 00:11:05.833
2020-05-07 00:11:06,980593,980915,2020-05-07 00:11:06.153
2020-05-07 00:11:06,980936,980999,2020-05-07 00:11:06.427
2020-05-07 00:11:06,980936,981000,2020-05-07 00:11:06.694
2020-05-07 00:11:07,980936,981000,2020-05-07 00:11:07.332
2020-05-07 00:11:07,980936,981000,2020-05-07 00:11:07.657
2020-05-07 00:11:07,980936,981000,2020-05-07 00:11:07.935
2020-05-07 00:11:08,980936,981000,2020-05-07 00:11:08.223
2020-05-07 00:11:08,980936,981000,2020-05-07 00:11:08.486
2020-05-07 00:11:08,980936,981000,2020-05-07 00:11:08.828
2020-05-07 00:11:09,980936,981000,2020-05-07 00:11:09.113
2020-05-07 00:11:09,980936,981000,2020-05-07 00:11:09.377
2020-05-07 00:11:09,980936,981000,2020-05-07 00:11:09.648
2020-05-07 00:11:09,980936,981000,2020-05-07 00:11:09.950
2020-05-07 00:11:10,980936,981000,2020-05-07 00:11:10.238
2020-05-07 00:11:10,980936,981000,2020-05-07 00:11:10.585
2020-05-07 00:11:10,980936,981000,2020-05-07 00:11:10.868
2020-05-07 00:11:11,980936,981000,2020-05-07 00:11:11.144
2020-05-07 00:11:11,980936,981000,2020-05-07 00:11:11.518
2020-05-07 00:11:11,980936,981000,2020-05-07 00:11:11.776
2020-05-07 00:11:12,980936,981000,2020-05-07 00:11:12.291
2020-05-07 00:11:12,980936,981000,2020-05-07 00:11:12.765
2020-05-07 00:11:13,980936,981000,2020-05-07 00:11:13.427
2020-05-07 00:11:14,980936,981000,2020-05-07 00:11:14.079
2020-05-07 00:11:14,980936,981000,2020-05-07 00:11:14.372
2020-05-07 00:11:14,980936,981000,2020-05-07 00:11:14.652
2020-05-07 00:11:14,980936,981000,2020-05-07 00:11:14.930
2020-05-07 00:11:15,980936,981000,2020-05-07 00:11:15.275
2020-05-07 00:11:15,980936,981000,2020-05-07 00:11:15.593
2020-05-07 00:11:15,980936,981000,2020-05-07 00:11:15.912
2020-05-07 00:11:16,980936,981000,2020-05-07 00:11:16.180
2020-05-07 00:11:16,980936,981000,2020-05-07 00:11:16.457
2020-05-07 00:11:16,980936,981000,2020-05-07 00:11:16.740
2020-05-07 00:11:17,980936,981000,2020-05-07 00:11:17.019
2020-05-07 00:11:17,980936,981000,2020-05-07 00:11:17.422
2020-05-07 00:11:17,980936,981000,2020-05-07 00:11:17.697
2020-05-07 00:11:18,980936,981000,2020-05-07 00:11:18.013
2020-05-07 00:11:18,980936,981000,2020-05-07 00:11:18.280
2020-05-07 00:11:18,980936,981000,2020-05-07 00:11:18.556
2020-05-07 00:11:18,980936,981000,2020-05-07 00:11:18.837
2020-05-07 00:11:19,980936,981000,2020-05-07 00:11:19.215
2020-05-07 00:11:19,980936,981000,2020-05-07 00:11:19.497
2020-05-07 00:11:19,980936,981000,2020-05-07 00:11:19.769
2020-05-07 00:11:21,980936,981000,2020-05-07 00:11:21.184
2020-05-07 00:11:21,980936,981000,2020-05-07 00:11:21.510
2020-05-07 00:11:21,980936,981000,2020-05-07 00:11:21.821
2020-05-07 00:11:22,980936,981000,2020-05-07 00:11:22.153
2020-05-07 00:11:22,980936,981000,2020-05-07 00:11:22.427
2020-05-07 00:11:22,980936,981000,2020-05-07 00:11:22.705
2020-05-07 00:11:23,980936,981000,2020-05-07 00:11:23.098
2020-05-07 00:11:23,980936,981000,2020-05-07 00:11:23.368
2020-05-07 00:11:23,980936,981000,2020-05-07 00:11:23.674
2020-05-07 00:11:24,980936,981000,2020-05-07 00:11:24.103
2020-05-07 00:11:24,980936,981000,2020-05-07 00:11:24.381
2020-05-07 00:11:24,980936,981000,2020-05-07 00:11:24.817
2020-05-07 00:11:25,980936,981000,2020-05-07 00:11:25.145
2020-05-07 00:11:26,980936,981000,2020-05-07 00:11:26.005
2020-05-07 00:11:26,980936,981275,2020-05-07 00:11:26.295
2020-05-07 00:11:26,981001,981275,2020-05-07 00:11:26.588
2020-05-07 00:11:26,981022,981275,2020-05-07 00:11:26.926
2020-05-07 00:11:27,981022,981275,2020-05-07 00:11:27.195
2020-05-07 00:11:27,981022,981275,2020-05-07 00:11:27.696
2020-05-07 00:11:27,981027,981299,2020-05-07 00:11:27.952
2020-05-07 00:11:28,981027,981299,2020-05-07 00:11:28.293
2020-05-07 00:11:28,981027,981299,2020-05-07 00:11:28.582
2020-05-07 00:11:28,981027,981297,2020-05-07 00:11:28.889
2020-05-07 00:11:29,981027,981297,2020-05-07 00:11:29.170
2020-05-07 00:11:29,981027,981297,2020-05-07 00:11:29.881
2020-05-07 00:11:30,980936,981297,2020-05-07 00:11:30.196
2020-05-07 00:11:30,980936,981297,2020-05-07 00:11:30.558
2020-05-07 00:11:30,980957,981297,2020-05-07 00:11:30.814
2020-05-07 00:11:31,980957,981297,2020-05-07 00:11:31.278
2020-05-07 00:11:31,980962,981297,2020-05-07 00:11:31.871
2020-05-07 00:11:32,980962,981297,2020-05-07 00:11:32.679
2020-05-07 00:11:33,980962,981297,2020-05-07 00:11:33.270
2020-05-07 00:11:33,980936,981296,2020-05-07 00:11:33.642
2020-05-07 00:11:33,980936,981296,2020-05-07 00:11:33.901
2020-05-07 00:11:34,980936,981296,2020-05-07 00:11:34.179
2020-05-07 00:11:34,980936,981295,2020-05-07 00:11:34.498
2020-05-07 00:11:34,980936,981267,2020-05-07 00:11:34.773
2020-05-07 00:11:35,980936,981266,2020-05-07 00:11:35.054
2020-05-07 00:11:35,980936,981266,2020-05-07 00:11:35.342
2020-05-07 00:11:35,980936,981267,2020-05-07 00:11:35.615
2020-05-07 00:11:35,980936,981266,2020-05-07 00:11:35.993
2020-05-07 00:11:36,980892,981265,2020-05-07 00:11:36.322
2020-05-07 00:11:36,980886,981264,2020-05-07 00:11:36.579
2020-05-07 00:11:36,980886,981264,2020-05-07 00:11:36.846
2020-05-07 00:11:37,980886,981265,2020-05-07 00:11:37.143
2020-05-07 00:11:37,980886,981265,2020-05-07 00:11:37.751
2020-05-07 00:11:38,980723,981258,2020-05-07 00:11:38.462
2020-05-07 00:11:38,980729,981257,2020-05-07 00:11:38.754
2020-05-07 00:11:39,980729,981257,2020-05-07 00:11:39.024
2020-05-07 00:11:39,980561,981256,2020-05-07 00:11:39.335
2020-05-07 00:11:39,980561,981255,2020-05-07 00:11:39.626
2020-05-07 00:11:39,980641,981255,2020-05-07 00:11:39.988
2020-05-07 00:11:40,980636,981250,2020-05-07 00:11:40.247
2020-05-07 00:11:40,980481,981187,2020-05-07 00:11:40.499
2020-05-07 00:11:40,980460,981186,2020-05-07 00:11:40.771
2020-05-07 00:11:41,980319,980786,2020-05-07 00:11:41.029
2020-05-07 00:11:41,980319,980786,2020-05-07 00:11:41.562
2020-05-07 00:11:41,980301,980636,2020-05-07 00:11:41.845
2020-05-07 00:11:42,980266,980636,2020-05-07 00:11:42.122
2020-05-07 00:11:42,980321,980615,2020-05-07 00:11:42.388
2020-05-07 00:11:42,980113,980615,2020-05-07 00:11:42.651
2020-05-07 00:11:42,980322,980610,2020-05-07 00:11:42.930
2020-05-07 00:11:43,980122,980610,2020-05-07 00:11:43.258
2020-05-07 00:11:43,980323,980609,2020-05-07 00:11:43.589
2020-05-07 00:11:44,980323,980609,2020-05-07 00:11:44.198
2020-05-07 00:11:44,980123,980605,2020-05-07 00:11:44.492
2020-05-07 00:11:44,980123,980605,2020-05-07 00:11:44.971
2020-05-07 00:11:45,980131,980605,2020-05-07 00:11:45.235
2020-05-07 00:11:45,980132,980602,2020-05-07 00:11:45.492
2020-05-07 00:11:45,980132,980602,2020-05-07 00:11:45.775
2020-05-07 00:11:46,980139,980602,2020-05-07 00:11:46.081
2020-05-07 00:11:46,980139,980602,2020-05-07 00:11:46.508
2020-05-07 00:11:47,980140,980631,2020-05-07 00:11:47.835
2020-05-07 00:11:48,980149,980629,2020-05-07 00:11:48.104
2020-05-07 00:11:48,980150,980629,2020-05-07 00:11:48.383
2020-05-07 00:11:48,980156,980629,2020-05-07 00:11:48.646
2020-05-07 00:11:48,980156,980629,2020-05-07 00:11:48.936
2020-05-07 00:11:49,980156,980629,2020-05-07 00:11:49.309
2020-05-07 00:11:49,980157,980629,2020-05-07 00:11:49.591
2020-05-07 00:11:49,980157,980629,2020-05-07 00:11:49.855
2020-05-07 00:11:50,980157,980629,2020-05-07 00:11:50.141
2020-05-07 00:11:50,980158,980630,2020-05-07 00:11:50.439
2020-05-07 00:11:50,980166,980629,2020-05-07 00:11:50.832
2020-05-07 00:11:51,980167,980628,2020-05-07 00:11:51.222
2020-05-07 00:11:51,980174,980625,2020-05-07 00:11:51.485
2020-05-07 00:11:51,980174,980625,2020-05-07 00:11:51.742
2020-05-07 00:11:52,980175,980622,2020-05-07 00:11:52.136
2020-05-07 00:11:52,980175,980622,2020-05-07 00:11:52.412
2020-05-07 00:11:52,980175,980622,2020-05-07 00:11:52.858
2020-05-07 00:11:53,980176,980622,2020-05-07 00:11:53.210
2020-05-07 00:11:53,980184,980620,2020-05-07 00:11:53.512
2020-05-07 00:11:53,980184,980619,2020-05-07 00:11:53.834
2020-05-07 00:11:54,980191,980619,2020-05-07 00:11:54.092
2020-05-07 00:11:55,980192,980618,2020-05-07 00:11:55.176
2020-05-07 00:11:55,980193,980613,2020-05-07 00:11:55.585
2020-05-07 00:11:55,980194,980587,2020-05-07 00:11:55.997
2020-05-07 00:11:56,980201,980587,2020-05-07 00:11:56.258
2020-05-07 00:11:56,980201,980587,2020-05-07 00:11:56.645
2020-05-07 00:11:56,980208,980586,2020-05-07 00:11:56.943
2020-05-07 00:11:57,980208,980586,2020-05-07 00:11:57.229
2020-05-07 00:11:57,980209,980583,2020-05-07 00:11:57.531
2020-05-07 00:11:57,980209,980583,2020-05-07 00:11:57.846
2020-05-07 00:11:58,980209,980584,2020-05-07 00:11:58.120
2020-05-07 00:11:58,980210,980581,2020-05-07 00:11:58.388
2020-05-07 00:11:58,980210,980581,2020-05-07 00:11:58.658
2020-05-07 00:11:58,980211,980581,2020-05-07 00:11:58.982
2020-05-07 00:11:59,980211,980582,2020-05-07 00:11:59.241
2020-05-07 00:11:59,980218,980577,2020-05-07 00:11:59.548
2020-05-07 00:12:00,980218,980577,2020-05-07 00:12:00.068
2020-05-07 00:12:00,980219,980575,2020-05-07 00:12:00.368
2020-05-07 00:12:00,980220,980575,2020-05-07 00:12:00.629
2020-05-07 00:12:00,980316,980637,2020-05-07 00:12:00.900
2020-05-07 00:12:01,980316,980637,2020-05-07 00:12:01.820
2020-05-07 00:12:02,980317,980603,2020-05-07 00:12:02.088
2020-05-07 00:12:02,980257,980603,2020-05-07 00:12:02.461
2020-05-07 00:12:02,980258,980603,2020-05-07 00:12:02.732
2020-05-07 00:12:03,980258,980603,2020-05-07 00:12:03.009
2020-05-07 00:12:03,980258,980603,2020-05-07 00:12:03.583
2020-05-07 00:12:03,980168,980406,2020-05-07 00:12:03.896
2020-05-07 00:12:04,980151,980168,2020-05-07 00:12:04.198
2020-05-07 00:12:04,980177,980405,2020-05-07 00:12:04.498
2020-05-07 00:12:04,980065,980405,2020-05-07 00:12:04.801
2020-05-07 00:12:05,980065,980405,2020-05-07 00:12:05.829
2020-05-07 00:12:06,980065,980374,2020-05-07 00:12:06.098
2020-05-07 00:12:06,980065,980374,2020-05-07 00:12:06.368
2020-05-07 00:12:06,980065,980374,2020-05-07 00:12:06.776
2020-05-07 00:12:07,980065,980376,2020-05-07 00:12:07.603
2020-05-07 00:12:08,980065,980373,2020-05-07 00:12:08.139
2020-05-07 00:12:08,979783,980236,2020-05-07 00:12:08.411
2020-05-07 00:12:08,979768,980235,2020-05-07 00:12:08.694
2020-05-07 00:12:09,979784,980235,2020-05-07 00:12:09.072
2020-05-07 00:12:09,979785,980235,2020-05-07 00:12:09.390
2020-05-07 00:12:09,979785,980230,2020-05-07 00:12:09.722
2020-05-07 00:12:09,979786,980230,2020-05-07 00:12:09.982
2020-05-07 00:12:10,979786,980233,2020-05-07 00:12:10.252
2020-05-07 00:12:10,979786,980233,2020-05-07 00:12:10.582
2020-05-07 00:12:10,979828,980228,2020-05-07 00:12:10.849
2020-05-07 00:12:11,979828,980231,2020-05-07 00:12:11.117
2020-05-07 00:12:11,979828,980231,2020-05-07 00:12:11.419
2020-05-07 00:12:11,979828,980228,2020-05-07 00:12:11.859
2020-05-07 00:12:12,979829,980230,2020-05-07 00:12:12.117
2020-05-07 00:12:12,979829,980230,2020-05-07 00:12:12.780
2020-05-07 00:12:13,979984,980319,2020-05-07 00:12:13.044
2020-05-07 00:12:13,979985,980397,2020-05-07 00:12:13.376
2020-05-07 00:12:13,979985,980398,2020-05-07 00:12:13.646
2020-05-07 00:12:13,979985,980398,2020-05-07 00:12:13.921
2020-05-07 00:12:14,980032,980398,2020-05-07 00:12:14.204
2020-05-07 00:12:14,980032,980379,2020-05-07 00:12:14.719
2020-05-07 00:12:15,980059,980398,2020-05-07 00:12:15.030
2020-05-07 00:12:15,980060,980398,2020-05-07 00:12:15.454
2020-05-07 00:12:15,980061,980549,2020-05-07 00:12:15.726
2020-05-07 00:12:16,980424,980549,2020-05-07 00:12:16.115
2020-05-07 00:12:16,980424,980552,2020-05-07 00:12:16.370
2020-05-07 00:12:16,980425,980552,2020-05-07 00:12:16.634
2020-05-07 00:12:16,980425,980552,2020-05-07 00:12:16.989
2020-05-07 00:12:17,980425,980552,2020-05-07 00:12:17.289
2020-05-07 00:12:17,980425,980552,2020-05-07 00:12:17.571
2020-05-07 00:12:17,980425,980552,2020-05-07 00:12:17.860
2020-05-07 00:12:18,980425,980713,2020-05-07 00:12:18.157
2020-05-07 00:12:18,980425,980713,2020-05-07 00:12:18.441
2020-05-07 00:12:19,980425,980712,2020-05-07 00:12:19.553
2020-05-07 00:12:20,980425,980691,2020-05-07 00:12:20.515
2020-05-07 00:12:21,980424,980686,2020-05-07 00:12:21.246
2020-05-07 00:12:21,980424,980686,2020-05-07 00:12:21.861
2020-05-07 00:12:22,980425,980686,2020-05-07 00:12:22.209
2020-05-07 00:12:22,980425,980686,2020-05-07 00:12:22.852
2020-05-07 00:12:23,980427,980763,2020-05-07 00:12:23.960
2020-05-07 00:12:24,980435,980737,2020-05-07 00:12:24.234
2020-05-07 00:12:24,980435,980737,2020-05-07 00:12:24.558
2020-05-07 00:12:24,980436,980737,2020-05-07 00:12:24.854
2020-05-07 00:12:25,980436,980737,2020-05-07 00:12:25.183
2020-05-07 00:12:25,980436,980737,2020-05-07 00:12:25.474
2020-05-07 00:12:26,980436,980737,2020-05-07 00:12:26.197
2020-05-07 00:12:26,980436,980737,2020-05-07 00:12:26.461
2020-05-07 00:12:26,980436,980736,2020-05-07 00:12:26.756
2020-05-07 00:12:27,980436,980737,2020-05-07 00:12:27.013
2020-05-07 00:12:27,980436,981000,2020-05-07 00:12:27.725
2020-05-07 00:12:28,980436,981000,2020-05-07 00:12:28.205
2020-05-07 00:12:28,980434,980998,2020-05-07 00:12:28.472
2020-05-07 00:12:28,980445,980999,2020-05-07 00:12:28.796
2020-05-07 00:12:29,980446,980997,2020-05-07 00:12:29.191
2020-05-07 00:12:29,980454,980997,2020-05-07 00:12:29.486
2020-05-07 00:12:30,980454,980997,2020-05-07 00:12:30.183
2020-05-07 00:12:30,980462,980997,2020-05-07 00:12:30.463
2020-05-07 00:12:30,980462,980997,2020-05-07 00:12:30.762
2020-05-07 00:12:31,980462,980997,2020-05-07 00:12:31.019
2020-05-07 00:12:31,980466,980997,2020-05-07 00:12:31.449
2020-05-07 00:12:31,980470,980997,2020-05-07 00:12:31.730
2020-05-07 00:12:32,980470,980997,2020-05-07 00:12:32.005
2020-05-07 00:12:32,980478,980976,2020-05-07 00:12:32.327
2020-05-07 00:12:32,980478,980976,2020-05-07 00:12:32.724
2020-05-07 00:12:32,980478,980976,2020-05-07 00:12:32.996
2020-05-07 00:12:33,980485,980975,2020-05-07 00:12:33.265
2020-05-07 00:12:33,980486,980975,2020-05-07 00:12:33.989
2020-05-07 00:12:34,980489,980997,2020-05-07 00:12:34.258
2020-05-07 00:12:34,980491,980997,2020-05-07 00:12:34.923
2020-05-07 00:12:35,980492,980997,2020-05-07 00:12:35.681
2020-05-07 00:12:35,980501,980996,2020-05-07 00:12:35.947
2020-05-07 00:12:36,980509,980975,2020-05-07 00:12:36.219
2020-05-07 00:12:36,980509,980975,2020-05-07 00:12:36.512
2020-05-07 00:12:36,980509,980975,2020-05-07 00:12:36.846
2020-05-07 00:12:37,980509,980975,2020-05-07 00:12:37.102
2020-05-07 00:12:37,980515,980975,2020-05-07 00:12:37.361
2020-05-07 00:12:37,980518,980975,2020-05-07 00:12:37.844
2020-05-07 00:12:38,980523,980975,2020-05-07 00:12:38.098
2020-05-07 00:12:38,980523,980975,2020-05-07 00:12:38.598
2020-05-07 00:12:38,980528,980974,2020-05-07 00:12:38.972
2020-05-07 00:12:39,980526,980974,2020-05-07 00:12:39.231
2020-05-07 00:12:39,980532,980974,2020-05-07 00:12:39.513
2020-05-07 00:12:39,980537,980970,2020-05-07 00:12:39.785
2020-05-07 00:12:40,980537,980970,2020-05-07 00:12:40.119
2020-05-07 00:12:40,980544,980969,2020-05-07 00:12:40.411
2020-05-07 00:12:40,980544,980969,2020-05-07 00:12:40.678
2020-05-07 00:12:40,980544,980969,2020-05-07 00:12:40.939
2020-05-07 00:12:41,980544,980969,2020-05-07 00:12:41.202
2020-05-07 00:12:41,980544,980969,2020-05-07 00:12:41.464
2020-05-07 00:12:41,980544,980969,2020-05-07 00:12:41.804
2020-05-07 00:12:42,980544,980969,2020-05-07 00:12:42.506
2020-05-07 00:12:42,980544,980969,2020-05-07 00:12:42.763
2020-05-07 00:12:43,980543,980948,2020-05-07 00:12:43.210
2020-05-07 00:12:43,980545,980947,2020-05-07 00:12:43.564
2020-05-07 00:12:43,980545,980943,2020-05-07 00:12:43.858
2020-05-07 00:12:44,980545,980943,2020-05-07 00:12:44.129
2020-05-07 00:12:44,980550,980943,2020-05-07 00:12:44.416
2020-05-07 00:12:44,980550,980943,2020-05-07 00:12:44.750
2020-05-07 00:12:45,980551,980943,2020-05-07 00:12:45.252
2020-05-07 00:12:45,980551,980943,2020-05-07 00:12:45.519
2020-05-07 00:12:45,980551,980999,2020-05-07 00:12:45.821
2020-05-07 00:12:46,980558,980999,2020-05-07 00:12:46.111
2020-05-07 00:12:46,980558,980999,2020-05-07 00:12:46.414
2020-05-07 00:12:46,980559,980995,2020-05-07 00:12:46.708
2020-05-07 00:12:46,980580,980995,2020-05-07 00:12:46.983
2020-05-07 00:12:47,980581,980999,2020-05-07 00:12:47.302
2020-05-07 00:12:47,980581,980995,2020-05-07 00:12:47.571
2020-05-07 00:12:47,980586,980995,2020-05-07 00:12:47.828
2020-05-07 00:12:48,980587,980994,2020-05-07 00:12:48.104
2020-05-07 00:12:48,980587,980994,2020-05-07 00:12:48.696
2020-05-07 00:12:48,980594,980994,2020-05-07 00:12:48.965
2020-05-07 00:12:49,980594,980994,2020-05-07 00:12:49.234
2020-05-07 00:12:49,980598,980994,2020-05-07 00:12:49.510
2020-05-07 00:12:49,980598,980999,2020-05-07 00:12:49.825
2020-05-07 00:12:50,980596,980994,2020-05-07 00:12:50.100
2020-05-07 00:12:50,980599,980994,2020-05-07 00:12:50.753
2020-05-07 00:12:51,980625,980994,2020-05-07 00:12:51.018
2020-05-07 00:12:51,980627,980994,2020-05-07 00:12:51.321
2020-05-07 00:12:51,980627,980999,2020-05-07 00:12:51.926
2020-05-07 00:12:52,980631,980994,2020-05-07 00:12:52.514
2020-05-07 00:12:52,980633,980994,2020-05-07 00:12:52.777
2020-05-07 00:12:53,980633,980999,2020-05-07 00:12:53.054
2020-05-07 00:12:53,980633,980999,2020-05-07 00:12:53.392
2020-05-07 00:12:53,980640,980994,2020-05-07 00:12:53.656
2020-05-07 00:12:53,980641,980994,2020-05-07 00:12:53.921
2020-05-07 00:12:54,980641,980994,2020-05-07 00:12:54.249
2020-05-07 00:12:54,980646,980999,2020-05-07 00:12:54.544
2020-05-07 00:12:54,980662,981000,2020-05-07 00:12:54.831
2020-05-07 00:12:55,980800,980999,2020-05-07 00:12:55.109
2020-05-07 00:12:55,980800,981000,2020-05-07 00:12:55.383
2020-05-07 00:12:55,980800,981000,2020-05-07 00:12:55.678
2020-05-07 00:12:55,981000,981394,2020-05-07 00:12:55.950
2020-05-07 00:12:56,981000,981394,2020-05-07 00:12:56.232
2020-05-07 00:12:56,981001,981394,2020-05-07 00:12:56.554
2020-05-07 00:12:56,981001,981433,2020-05-07 00:12:56.852
2020-05-07 00:12:57,981006,981430,2020-05-07 00:12:57.113
2020-05-07 00:12:57,981387,981394,2020-05-07 00:12:57.393
2020-05-07 00:12:57,981392,981433,2020-05-07 00:12:57.780
2020-05-07 00:12:58,981392,981433,2020-05-07 00:12:58.040
2020-05-07 00:12:58,981392,981433,2020-05-07 00:12:58.306
2020-05-07 00:12:58,981388,981433,2020-05-07 00:12:58.605
2020-05-07 00:12:58,981392,981433,2020-05-07 00:12:58.876
2020-05-07 00:12:59,981392,981433,2020-05-07 00:12:59.155
2020-05-07 00:12:59,981392,981433,2020-05-07 00:12:59.549
2020-05-07 00:12:59,981395,981433,2020-05-07 00:12:59.816
2020-05-07 00:13:00,981395,981433,2020-05-07 00:13:00.084
2020-05-07 00:13:00,981395,981433,2020-05-07 00:13:00.361
2020-05-07 00:13:00,981395,981433,2020-05-07 00:13:00.675
2020-05-07 00:13:00,981395,981433,2020-05-07 00:13:00.947
2020-05-07 00:13:01,982025,981433,2020-05-07 00:13:01.411
2020-05-07 00:13:01,982223,981433,2020-05-07 00:13:01.868
2020-05-07 00:13:02,982224,981433,2020-05-07 00:13:02.172
2020-05-07 00:13:02,982224,981433,2020-05-07 00:13:02.446
2020-05-07 00:13:02,982223,981433,2020-05-07 00:13:02.713
2020-05-07 00:13:02,982223,981433,2020-05-07 00:13:02.977
2020-05-07 00:13:03,982223,981433,2020-05-07 00:13:03.228
2020-05-07 00:13:03,982108,981433,2020-05-07 00:13:03.499
2020-05-07 00:13:03,982109,981433,2020-05-07 00:13:03.759
2020-05-07 00:13:04,982109,981433,2020-05-07 00:13:04.215
2020-05-07 00:13:04,982063,982500,2020-05-07 00:13:04.488
2020-05-07 00:13:04,982063,982478,2020-05-07 00:13:04.742
2020-05-07 00:13:05,982063,982478,2020-05-07 00:13:05.682
2020-05-07 00:13:05,982071,982478,2020-05-07 00:13:05.958
2020-05-07 00:13:06,982078,982400,2020-05-07 00:13:06.362
2020-05-07 00:13:06,982080,982500,2020-05-07 00:13:06.945
2020-05-07 00:13:07,982081,982500,2020-05-07 00:13:07.207
2020-05-07 00:13:07,982089,982500,2020-05-07 00:13:07.525
2020-05-07 00:13:07,982089,982500,2020-05-07 00:13:07.796
2020-05-07 00:13:08,982089,982500,2020-05-07 00:13:08.061
2020-05-07 00:13:08,982110,982725,2020-05-07 00:13:08.323
2020-05-07 00:13:08,982110,982725,2020-05-07 00:13:08.639
2020-05-07 00:13:08,982110,982725,2020-05-07 00:13:08.953
2020-05-07 00:13:09,982192,982725,2020-05-07 00:13:09.308
2020-05-07 00:13:09,982192,982725,2020-05-07 00:13:09.563
2020-05-07 00:13:09,982193,982725,2020-05-07 00:13:09.818
2020-05-07 00:13:10,982197,982725,2020-05-07 00:13:10.081
2020-05-07 00:13:10,982348,982408,2020-05-07 00:13:10.362
2020-05-07 00:13:10,982200,982725,2020-05-07 00:13:10.687
2020-05-07 00:13:11,982201,982725,2020-05-07 00:13:11.493
2020-05-07 00:13:11,982209,982455,2020-05-07 00:13:11.907
2020-05-07 00:13:12,982209,982455,2020-05-07 00:13:12.161
2020-05-07 00:13:12,982209,982455,2020-05-07 00:13:12.438
2020-05-07 00:13:12,982215,982455,2020-05-07 00:13:12.963
2020-05-07 00:13:13,982238,982455,2020-05-07 00:13:13.223
2020-05-07 00:13:13,982238,982455,2020-05-07 00:13:13.495
2020-05-07 00:13:13,982238,982455,2020-05-07 00:13:13.749
2020-05-07 00:13:14,982238,982455,2020-05-07 00:13:14.025
2020-05-07 00:13:14,982243,982701,2020-05-07 00:13:14.364
2020-05-07 00:13:14,982239,982701,2020-05-07 00:13:14.643
2020-05-07 00:13:14,982239,982701,2020-05-07 00:13:14.909
2020-05-07 00:13:15,982243,982701,2020-05-07 00:13:15.186
2020-05-07 00:13:15,982254,982701,2020-05-07 00:13:15.496
2020-05-07 00:13:15,982255,982725,2020-05-07 00:13:15.797
2020-05-07 00:13:16,982259,982725,2020-05-07 00:13:16.139
2020-05-07 00:13:16,982259,982725,2020-05-07 00:13:16.431
2020-05-07 00:13:17,982259,982725,2020-05-07 00:13:17.361
2020-05-07 00:13:17,982261,982474,2020-05-07 00:13:17.681
2020-05-07 00:13:18,982261,982474,2020-05-07 00:13:18.045
2020-05-07 00:13:18,982261,982479,2020-05-07 00:13:18.314
2020-05-07 00:13:18,982261,982474,2020-05-07 00:13:18.579
2020-05-07 00:13:18,982261,982474,2020-05-07 00:13:18.906
2020-05-07 00:13:19,982261,982474,2020-05-07 00:13:19.211
2020-05-07 00:13:19,982261,982479,2020-05-07 00:13:19.531
2020-05-07 00:13:20,982261,982479,2020-05-07 00:13:20.379
2020-05-07 00:13:20,982268,982479,2020-05-07 00:13:20.762
2020-05-07 00:13:21,982269,982500,2020-05-07 00:13:21.062
2020-05-07 00:13:21,982275,982637,2020-05-07 00:13:21.348
2020-05-07 00:13:21,982276,982637,2020-05-07 00:13:21.766
2020-05-07 00:13:22,982378,982637,2020-05-07 00:13:22.045
2020-05-07 00:13:22,982379,982637,2020-05-07 00:13:22.317
2020-05-07 00:13:22,982379,982637,2020-05-07 00:13:22.568
2020-05-07 00:13:22,982400,982637,2020-05-07 00:13:22.846
2020-05-07 00:13:23,982400,982637,2020-05-07 00:13:23.241
2020-05-07 00:13:23,982637,982864,2020-05-07 00:13:23.880
2020-05-07 00:13:24,982637,982864,2020-05-07 00:13:24.347
2020-05-07 00:13:24,982795,982864,2020-05-07 00:13:24.641
2020-05-07 00:13:25,982800,982864,2020-05-07 00:13:25.037
2020-05-07 00:13:25,982800,982864,2020-05-07 00:13:25.304
2020-05-07 00:13:25,982801,982864,2020-05-07 00:13:25.591
2020-05-07 00:13:25,982801,982864,2020-05-07 00:13:25.852
2020-05-07 00:13:26,982801,982864,2020-05-07 00:13:26.113
2020-05-07 00:13:26,982801,982864,2020-05-07 00:13:26.380
2020-05-07 00:13:27,982807,982864,2020-05-07 00:13:27.001
2020-05-07 00:13:27,982807,982864,2020-05-07 00:13:27.263
2020-05-07 00:13:27,982808,982864,2020-05-07 00:13:27.597
2020-05-07 00:13:27,982808,982864,2020-05-07 00:13:27.922
2020-05-07 00:13:28,982813,982864,2020-05-07 00:13:28.192
2020-05-07 00:13:28,982813,982864,2020-05-07 00:13:28.457
2020-05-07 00:13:28,982806,982864,2020-05-07 00:13:28.770
2020-05-07 00:13:29,982806,982864,2020-05-07 00:13:29.031
2020-05-07 00:13:29,982668,982864,2020-05-07 00:13:29.307
2020-05-07 00:13:29,982668,982864,2020-05-07 00:13:29.596
2020-05-07 00:13:29,982668,982864,2020-05-07 00:13:29.855
2020-05-07 00:13:30,982668,982864,2020-05-07 00:13:30.130
2020-05-07 00:13:30,982668,982864,2020-05-07 00:13:30.412
2020-05-07 00:13:30,982668,982864,2020-05-07 00:13:30.668
2020-05-07 00:13:31,982689,982864,2020-05-07 00:13:31.402
2020-05-07 00:13:31,982694,982864,2020-05-07 00:13:31.666
2020-05-07 00:13:31,982701,982864,2020-05-07 00:13:31.932
2020-05-07 00:13:32,982701,982864,2020-05-07 00:13:32.198
2020-05-07 00:13:32,982701,982864,2020-05-07 00:13:32.519
2020-05-07 00:13:32,982702,982864,2020-05-07 00:13:32.785
2020-05-07 00:13:33,982747,982864,2020-05-07 00:13:33.048
2020-05-07 00:13:33,982748,982864,2020-05-07 00:13:33.329
2020-05-07 00:13:33,982749,982864,2020-05-07 00:13:33.588
2020-05-07 00:13:33,982748,982999,2020-05-07 00:13:33.867
2020-05-07 00:13:34,982682,982999,2020-05-07 00:13:34.151
2020-05-07 00:13:34,982682,982859,2020-05-07 00:13:34.456
2020-05-07 00:13:34,982749,982998,2020-05-07 00:13:34.720
2020-05-07 00:13:35,982770,982993,2020-05-07 00:13:35.111
2020-05-07 00:13:35,982770,982993,2020-05-07 00:13:35.390
2020-05-07 00:13:35,982775,982994,2020-05-07 00:13:35.671
2020-05-07 00:13:35,982775,982994,2020-05-07 00:13:35.927
2020-05-07 00:13:36,982776,982999,2020-05-07 00:13:36.661
2020-05-07 00:13:37,982777,982994,2020-05-07 00:13:37.003
2020-05-07 00:13:37,982784,982994,2020-05-07 00:13:37.262
2020-05-07 00:13:37,982784,982994,2020-05-07 00:13:37.555
2020-05-07 00:13:37,982785,982994,2020-05-07 00:13:37.814
2020-05-07 00:13:38,982785,982994,2020-05-07 00:13:38.350
2020-05-07 00:13:39,982960,982994,2020-05-07 00:13:39.535
2020-05-07 00:13:39,982965,983000,2020-05-07 00:13:39.803
2020-05-07 00:13:40,982961,983000,2020-05-07 00:13:40.101
2020-05-07 00:13:40,982966,983127,2020-05-07 00:13:40.504
2020-05-07 00:13:40,982962,983127,2020-05-07 00:13:40.788
2020-05-07 00:13:41,983012,983127,2020-05-07 00:13:41.051
2020-05-07 00:13:41,982984,983495,2020-05-07 00:13:41.311
2020-05-07 00:13:41,982984,983495,2020-05-07 00:13:41.581
2020-05-07 00:13:41,982991,983495,2020-05-07 00:13:41.870
2020-05-07 00:13:42,982992,983494,2020-05-07 00:13:42.146
2020-05-07 00:13:42,983051,983494,2020-05-07 00:13:42.449
2020-05-07 00:13:42,983061,983494,2020-05-07 00:13:42.734
2020-05-07 00:13:43,983061,983435,2020-05-07 00:13:43.190
2020-05-07 00:13:43,983034,983434,2020-05-07 00:13:43.481
2020-05-07 00:13:43,983034,983434,2020-05-07 00:13:43.747
2020-05-07 00:13:44,983020,983433,2020-05-07 00:13:44.000
2020-05-07 00:13:44,983014,983432,2020-05-07 00:13:44.266
2020-05-07 00:13:44,983014,983432,2020-05-07 00:13:44.549
2020-05-07 00:13:44,983014,983432,2020-05-07 00:13:44.829
2020-05-07 00:13:45,983014,983432,2020-05-07 00:13:45.703
2020-05-07 00:13:45,983132,984209,2020-05-07 00:13:45.996
2020-05-07 00:13:46,984000,984208,2020-05-07 00:13:46.306
2020-05-07 00:13:46,983933,984208,2020-05-07 00:13:46.568
2020-05-07 00:13:46,983936,984207,2020-05-07 00:13:46.847
2020-05-07 00:13:47,983738,984144,2020-05-07 00:13:47.129
2020-05-07 00:13:47,983738,984144,2020-05-07 00:13:47.397
2020-05-07 00:13:47,983936,984144,2020-05-07 00:13:47.867
2020-05-07 00:13:48,983936,984499,2020-05-07 00:13:48.188
2020-05-07 00:13:48,983936,984499,2020-05-07 00:13:48.626
2020-05-07 00:13:48,983936,984301,2020-05-07 00:13:48.938
2020-05-07 00:13:49,983936,984267,2020-05-07 00:13:49.235
2020-05-07 00:13:49,983936,984267,2020-05-07 00:13:49.507
2020-05-07 00:13:49,983749,984246,2020-05-07 00:13:49.849
2020-05-07 00:13:50,983750,984245,2020-05-07 00:13:50.109
2020-05-07 00:13:50,983755,984246,2020-05-07 00:13:50.384
2020-05-07 00:13:50,983756,984246,2020-05-07 00:13:50.638
2020-05-07 00:13:50,983756,984246,2020-05-07 00:13:50.905
2020-05-07 00:13:51,983756,984246,2020-05-07 00:13:51.179
2020-05-07 00:13:51,983764,984246,2020-05-07 00:13:51.503
2020-05-07 00:13:51,983765,984339,2020-05-07 00:13:51.794
2020-05-07 00:13:52,983770,984338,2020-05-07 00:13:52.074
2020-05-07 00:13:52,983770,984445,2020-05-07 00:13:52.680
2020-05-07 00:13:52,983771,984443,2020-05-07 00:13:52.940
2020-05-07 00:13:53,983774,984443,2020-05-07 00:13:53.212
2020-05-07 00:13:53,983774,984443,2020-05-07 00:13:53.733
2020-05-07 00:13:54,983926,984480,2020-05-07 00:13:54.398
2020-05-07 00:13:54,983927,984432,2020-05-07 00:13:54.662
2020-05-07 00:13:54,983932,984515,2020-05-07 00:13:54.967
2020-05-07 00:13:55,983999,984515,2020-05-07 00:13:55.551
2020-05-07 00:13:55,984157,984515,2020-05-07 00:13:55.811
2020-05-07 00:13:56,984157,984515,2020-05-07 00:13:56.086
2020-05-07 00:13:56,984163,984544,2020-05-07 00:13:56.392
2020-05-07 00:13:56,984163,984544,2020-05-07 00:13:56.666
2020-05-07 00:13:57,984163,984544,2020-05-07 00:13:57.031
2020-05-07 00:13:57,984515,984544,2020-05-07 00:13:57.308
2020-05-07 00:13:57,984515,984544,2020-05-07 00:13:57.645
2020-05-07 00:13:57,984515,984544,2020-05-07 00:13:57.915
2020-05-07 00:13:58,984515,984544,2020-05-07 00:13:58.198
2020-05-07 00:13:58,984515,984544,2020-05-07 00:13:58.842
2020-05-07 00:13:59,984515,984544,2020-05-07 00:13:59.150
2020-05-07 00:13:59,984381,984544,2020-05-07 00:13:59.477
2020-05-07 00:13:59,984376,984544,2020-05-07 00:13:59.755
2020-05-07 00:14:00,984376,984544,2020-05-07 00:14:00.026
2020-05-07 00:14:00,984376,984544,2020-05-07 00:14:00.282
2020-05-07 00:14:01,984376,984544,2020-05-07 00:14:00.579
2020-05-07 00:14:01,984241,984543,2020-05-07 00:14:01.615
2020-05-07 00:14:02,984241,984542,2020-05-07 00:14:02.051
2020-05-07 00:14:02,984241,984542,2020-05-07 00:14:02.309
2020-05-07 00:14:02,984241,984656,2020-05-07 00:14:02.610
2020-05-07 00:14:02,984111,984541,2020-05-07 00:14:02.881
2020-05-07 00:14:03,984037,984720,2020-05-07 00:14:03.149
2020-05-07 00:14:03,984038,984536,2020-05-07 00:14:03.629
2020-05-07 00:14:04,984038,984536,2020-05-07 00:14:04.037
2020-05-07 00:14:04,984039,984535,2020-05-07 00:14:04.532
2020-05-07 00:14:04,984046,984529,2020-05-07 00:14:04.835
2020-05-07 00:14:05,984046,984529,2020-05-07 00:14:05.122
2020-05-07 00:14:05,984067,984524,2020-05-07 00:14:05.391
2020-05-07 00:14:05,984067,984780,2020-05-07 00:14:05.697
2020-05-07 00:14:05,984779,984780,2020-05-07 00:14:05.951
2020-05-07 00:14:06,984068,984709,2020-05-07 00:14:06.264
2020-05-07 00:14:07,984068,984709,2020-05-07 00:14:07.009
2020-05-07 00:14:07,984068,984709,2020-05-07 00:14:07.408
2020-05-07 00:14:07,984083,984701,2020-05-07 00:14:07.696
2020-05-07 00:14:08,984083,984701,2020-05-07 00:14:08.098
2020-05-07 00:14:08,984083,984507,2020-05-07 00:14:08.457
2020-05-07 00:14:08,984083,984506,2020-05-07 00:14:08.774
2020-05-07 00:14:09,984083,984506,2020-05-07 00:14:09.534
2020-05-07 00:14:09,984083,984709,2020-05-07 00:14:09.792
2020-05-07 00:14:10,984083,984708,2020-05-07 00:14:10.066
2020-05-07 00:14:10,984087,984700,2020-05-07 00:14:10.333
2020-05-07 00:14:10,984108,984700,2020-05-07 00:14:10.657
2020-05-07 00:14:11,984108,984700,2020-05-07 00:14:11.071
2020-05-07 00:14:11,984113,984699,2020-05-07 00:14:11.334
2020-05-07 00:14:11,984111,984699,2020-05-07 00:14:11.590
2020-05-07 00:14:11,984114,984709,2020-05-07 00:14:11.861
2020-05-07 00:14:12,984114,984900,2020-05-07 00:14:12.175
2020-05-07 00:14:12,984114,984691,2020-05-07 00:14:12.438
2020-05-07 00:14:12,984114,984691,2020-05-07 00:14:12.698
2020-05-07 00:14:12,984121,984690,2020-05-07 00:14:12.958
2020-05-07 00:14:13,984018,984690,2020-05-07 00:14:13.238
2020-05-07 00:14:13,984001,984685,2020-05-07 00:14:13.562
2020-05-07 00:14:13,983824,984685,2020-05-07 00:14:13.910
2020-05-07 00:14:14,983830,984001,2020-05-07 00:14:14.186
2020-05-07 00:14:14,983595,983709,2020-05-07 00:14:14.492
2020-05-07 00:14:15,983552,983709,2020-05-07 00:14:15.243
2020-05-07 00:14:15,983552,983723,2020-05-07 00:14:15.830
2020-05-07 00:14:16,983552,983723,2020-05-07 00:14:16.114
2020-05-07 00:14:16,983552,983723,2020-05-07 00:14:16.652
2020-05-07 00:14:17,983552,983723,2020-05-07 00:14:17.038
2020-05-07 00:14:17,983552,983723,2020-05-07 00:14:17.314
2020-05-07 00:14:17,983552,983191,2020-05-07 00:14:17.597
2020-05-07 00:14:17,983552,983593,2020-05-07 00:14:17.874
2020-05-07 00:14:18,983552,983595,2020-05-07 00:14:18.155
2020-05-07 00:14:18,983552,983587,2020-05-07 00:14:18.416
2020-05-07 00:14:18,983552,983587,2020-05-07 00:14:18.735
2020-05-07 00:14:19,983552,983586,2020-05-07 00:14:19.018
2020-05-07 00:14:19,983552,983585,2020-05-07 00:14:19.284
2020-05-07 00:14:19,983552,983585,2020-05-07 00:14:19.566
2020-05-07 00:14:19,983552,983585,2020-05-07 00:14:19.869
2020-05-07 00:14:20,983552,983584,2020-05-07 00:14:20.151
2020-05-07 00:14:20,983552,983584,2020-05-07 00:14:20.409
2020-05-07 00:14:20,983552,983584,2020-05-07 00:14:20.736
2020-05-07 00:14:20,983552,983674,2020-05-07 00:14:20.991
2020-05-07 00:14:21,983584,983674,2020-05-07 00:14:21.298
2020-05-07 00:14:21,983552,983575,2020-05-07 00:14:21.600
2020-05-07 00:14:21,983552,983574,2020-05-07 00:14:21.948
2020-05-07 00:14:22,983552,983574,2020-05-07 00:14:22.220
2020-05-07 00:14:22,983552,983573,2020-05-07 00:14:22.513
2020-05-07 00:14:22,983552,983554,2020-05-07 00:14:22.783
2020-05-07 00:14:23,983552,983554,2020-05-07 00:14:23.440
2020-05-07 00:14:23,983552,983554,2020-05-07 00:14:23.770
2020-05-07 00:14:24,983047,983553,2020-05-07 00:14:24.041
2020-05-07 00:14:24,982947,983552,2020-05-07 00:14:24.387
2020-05-07 00:14:24,982947,983552,2020-05-07 00:14:24.861
2020-05-07 00:14:25,983092,983573,2020-05-07 00:14:25.164
2020-05-07 00:14:25,983574,983682,2020-05-07 00:14:25.454
2020-05-07 00:14:25,983579,983682,2020-05-07 00:14:25.825
2020-05-07 00:14:26,983579,983682,2020-05-07 00:14:26.146
2020-05-07 00:14:26,983574,983682,2020-05-07 00:14:26.667
2020-05-07 00:14:27,983579,983723,2020-05-07 00:14:27.430
2020-05-07 00:14:28,983579,983723,2020-05-07 00:14:28.220
2020-05-07 00:14:28,983600,983723,2020-05-07 00:14:28.593
2020-05-07 00:14:28,983607,983723,2020-05-07 00:14:28.942
2020-05-07 00:14:29,983607,983723,2020-05-07 00:14:29.807
2020-05-07 00:14:30,983607,983723,2020-05-07 00:14:30.179
2020-05-07 00:14:30,983607,983723,2020-05-07 00:14:30.446
2020-05-07 00:14:30,983607,983723,2020-05-07 00:14:30.733
2020-05-07 00:14:31,983607,983723,2020-05-07 00:14:31.007
2020-05-07 00:14:31,983607,983723,2020-05-07 00:14:31.298
2020-05-07 00:14:31,983607,983827,2020-05-07 00:14:31.588
2020-05-07 00:14:31,983826,983827,2020-05-07 00:14:31.853
2020-05-07 00:14:32,983579,983795,2020-05-07 00:14:32.133
2020-05-07 00:14:32,983579,983795,2020-05-07 00:14:32.446
2020-05-07 00:14:32,983574,983972,2020-05-07 00:14:32.750
2020-05-07 00:14:33,983579,983798,2020-05-07 00:14:33.016
2020-05-07 00:14:33,983579,983798,2020-05-07 00:14:33.303
2020-05-07 00:14:33,983579,983798,2020-05-07 00:14:33.627
2020-05-07 00:14:33,983600,983798,2020-05-07 00:14:33.880
2020-05-07 00:14:34,983600,983798,2020-05-07 00:14:34.249
2020-05-07 00:14:34,983605,983798,2020-05-07 00:14:34.518
2020-05-07 00:14:34,983607,983798,2020-05-07 00:14:34.796
2020-05-07 00:14:35,983607,983798,2020-05-07 00:14:35.053
2020-05-07 00:14:35,983607,983798,2020-05-07 00:14:35.459
2020-05-07 00:14:36,983607,983797,2020-05-07 00:14:36.287
2020-05-07 00:14:36,983607,983797,2020-05-07 00:14:36.551
2020-05-07 00:14:37,983607,983797,2020-05-07 00:14:37.005
2020-05-07 00:14:37,983593,983797,2020-05-07 00:14:37.341
2020-05-07 00:14:37,983581,983798,2020-05-07 00:14:37.639
2020-05-07 00:14:37,983627,983798,2020-05-07 00:14:37.968
2020-05-07 00:14:38,983627,983798,2020-05-07 00:14:38.254
2020-05-07 00:14:38,983627,983798,2020-05-07 00:14:38.567
2020-05-07 00:14:38,983627,983798,2020-05-07 00:14:38.840
2020-05-07 00:14:39,983632,983798,2020-05-07 00:14:39.146
2020-05-07 00:14:39,983632,983798,2020-05-07 00:14:39.415
2020-05-07 00:14:39,983633,983798,2020-05-07 00:14:39.669
2020-05-07 00:14:40,983640,983798,2020-05-07 00:14:40.060
2020-05-07 00:14:40,983640,983798,2020-05-07 00:14:40.319
2020-05-07 00:14:40,983640,983798,2020-05-07 00:14:40.763
2020-05-07 00:14:41,983591,983600,2020-05-07 00:14:41.070
2020-05-07 00:14:41,983591,983600,2020-05-07 00:14:41.371
2020-05-07 00:14:41,983591,983600,2020-05-07 00:14:41.651
2020-05-07 00:14:41,983576,983798,2020-05-07 00:14:41.940
2020-05-07 00:14:42,983583,983798,2020-05-07 00:14:42.266
2020-05-07 00:14:42,983605,983798,2020-05-07 00:14:42.541
2020-05-07 00:14:42,983610,983798,2020-05-07 00:14:42.808
2020-05-07 00:14:43,983853,984015,2020-05-07 00:14:43.087
2020-05-07 00:14:43,983910,984015,2020-05-07 00:14:43.349
2020-05-07 00:14:43,983910,984015,2020-05-07 00:14:43.654
2020-05-07 00:14:43,983915,984015,2020-05-07 00:14:43.947
2020-05-07 00:14:44,983826,984015,2020-05-07 00:14:44.222
2020-05-07 00:14:44,983826,984015,2020-05-07 00:14:44.498
2020-05-07 00:14:44,983826,984015,2020-05-07 00:14:44.798
2020-05-07 00:14:45,983826,984015,2020-05-07 00:14:45.073
2020-05-07 00:14:45,983826,984015,2020-05-07 00:14:45.376
2020-05-07 00:14:45,983826,984015,2020-05-07 00:14:45.647
2020-05-07 00:14:47,983826,984015,2020-05-07 00:14:47.083
2020-05-07 00:14:47,983879,984015,2020-05-07 00:14:47.392
2020-05-07 00:14:47,983879,984015,2020-05-07 00:14:47.670
2020-05-07 00:14:48,983879,984015,2020-05-07 00:14:48.038
2020-05-07 00:14:48,983879,984015,2020-05-07 00:14:48.397
2020-05-07 00:14:48,983855,984015,2020-05-07 00:14:48.670
2020-05-07 00:14:49,983855,984015,2020-05-07 00:14:49.110
2020-05-07 00:14:49,983856,983874,2020-05-07 00:14:49.420
2020-05-07 00:14:49,983861,983874,2020-05-07 00:14:49.691
2020-05-07 00:14:49,983861,983874,2020-05-07 00:14:49.968
2020-05-07 00:14:50,983861,983874,2020-05-07 00:14:50.431
2020-05-07 00:14:50,983853,983874,2020-05-07 00:14:50.700
2020-05-07 00:14:50,983853,983874,2020-05-07 00:14:50.973
2020-05-07 00:14:51,983853,983874,2020-05-07 00:14:51.290
2020-05-07 00:14:51,983853,983874,2020-05-07 00:14:51.581
2020-05-07 00:14:51,983853,983874,2020-05-07 00:14:51.882
2020-05-07 00:14:52,983853,983874,2020-05-07 00:14:52.146
2020-05-07 00:14:52,983853,983874,2020-05-07 00:14:52.433
2020-05-07 00:14:52,983853,983874,2020-05-07 00:14:52.716
2020-05-07 00:14:53,983853,983874,2020-05-07 00:14:53.033
2020-05-07 00:14:53,983853,983874,2020-05-07 00:14:53.435
2020-05-07 00:14:53,983853,983874,2020-05-07 00:14:53.699
2020-05-07 00:14:53,983853,983874,2020-05-07 00:14:53.971
2020-05-07 00:14:54,983853,983874,2020-05-07 00:14:54.273
2020-05-07 00:14:54,983853,983874,2020-05-07 00:14:54.574
2020-05-07 00:14:54,983853,983874,2020-05-07 00:14:54.861
2020-05-07 00:14:55,983853,983874,2020-05-07 00:14:55.116
2020-05-07 00:14:55,983853,983874,2020-05-07 00:14:55.377
2020-05-07 00:14:55,983853,983874,2020-05-07 00:14:55.634
2020-05-07 00:14:56,983853,983874,2020-05-07 00:14:56.231
2020-05-07 00:14:56,983853,983874,2020-05-07 00:14:56.490
2020-05-07 00:14:56,983811,983874,2020-05-07 00:14:56.791
2020-05-07 00:14:57,983811,983874,2020-05-07 00:14:57.197
2020-05-07 00:14:57,983679,983873,2020-05-07 00:14:57.517
2020-05-07 00:14:57,983772,983874,2020-05-07 00:14:57.833
2020-05-07 00:14:58,983772,983869,2020-05-07 00:14:58.113
2020-05-07 00:14:58,983680,983874,2020-05-07 00:14:58.398
2020-05-07 00:14:58,983680,983869,2020-05-07 00:14:58.830
2020-05-07 00:14:59,983712,983869,2020-05-07 00:14:59.164
2020-05-07 00:14:59,983712,983869,2020-05-07 00:14:59.477
2020-05-07 00:14:59,983707,983869,2020-05-07 00:14:59.770
2020-05-07 00:15:00,983707,983869,2020-05-07 00:15:00.161
2020-05-07 00:15:00,983712,983869,2020-05-07 00:15:00.428
2020-05-07 00:15:00,983712,983869,2020-05-07 00:15:00.716
2020-05-07 00:15:00,983634,983869,2020-05-07 00:15:00.983
2020-05-07 00:15:01,983635,983869,2020-05-07 00:15:01.254
2020-05-07 00:15:01,983643,983869,2020-05-07 00:15:01.515
2020-05-07 00:15:01,983643,983869,2020-05-07 00:15:01.778
2020-05-07 00:15:02,983647,983869,2020-05-07 00:15:02.051
2020-05-07 00:15:02,983647,983869,2020-05-07 00:15:02.551
2020-05-07 00:15:03,983648,983873,2020-05-07 00:15:03.092
2020-05-07 00:15:03,983575,983636,2020-05-07 00:15:03.449
2020-05-07 00:15:04,983574,983636,2020-05-07 00:15:04.008
2020-05-07 00:15:04,983574,983635,2020-05-07 00:15:04.279
2020-05-07 00:15:04,983574,983643,2020-05-07 00:15:04.548
2020-05-07 00:15:04,983574,983643,2020-05-07 00:15:04.834
2020-05-07 00:15:05,983574,983643,2020-05-07 00:15:05.162
2020-05-07 00:15:05,983574,983659,2020-05-07 00:15:05.802
2020-05-07 00:15:06,983575,983659,2020-05-07 00:15:06.091
2020-05-07 00:15:06,983575,983659,2020-05-07 00:15:06.431
2020-05-07 00:15:06,983575,983761,2020-05-07 00:15:06.708
2020-05-07 00:15:07,983690,983852,2020-05-07 00:15:07.001
2020-05-07 00:15:07,983690,983874,2020-05-07 00:15:07.288
2020-05-07 00:15:07,983690,983874,2020-05-07 00:15:07.562
2020-05-07 00:15:07,983695,983873,2020-05-07 00:15:07.824
2020-05-07 00:15:08,983695,983874,2020-05-07 00:15:08.147
2020-05-07 00:15:08,983695,983874,2020-05-07 00:15:08.423
2020-05-07 00:15:08,983695,983874,2020-05-07 00:15:08.743
2020-05-07 00:15:09,983695,983874,2020-05-07 00:15:09.010
2020-05-07 00:15:09,983695,983874,2020-05-07 00:15:09.266
2020-05-07 00:15:09,983695,983874,2020-05-07 00:15:09.517
2020-05-07 00:15:09,983695,983874,2020-05-07 00:15:09.816
2020-05-07 00:15:10,983695,983874,2020-05-07 00:15:10.091
2020-05-07 00:15:10,983700,983874,2020-05-07 00:15:10.363
2020-05-07 00:15:10,983700,983874,2020-05-07 00:15:10.666
2020-05-07 00:15:11,983700,983874,2020-05-07 00:15:11.182
2020-05-07 00:15:11,983700,983874,2020-05-07 00:15:11.462
2020-05-07 00:15:11,983700,983874,2020-05-07 00:15:11.770
2020-05-07 00:15:12,983721,983874,2020-05-07 00:15:12.049
2020-05-07 00:15:12,983726,983874,2020-05-07 00:15:12.336
2020-05-07 00:15:12,983726,983874,2020-05-07 00:15:12.599
2020-05-07 00:15:12,983726,983874,2020-05-07 00:15:12.875
2020-05-07 00:15:13,983726,983874,2020-05-07 00:15:13.134
2020-05-07 00:15:13,983726,983874,2020-05-07 00:15:13.403
2020-05-07 00:15:13,983726,983874,2020-05-07 00:15:13.682
2020-05-07 00:15:13,983726,983874,2020-05-07 00:15:13.973
2020-05-07 00:15:14,983726,983874,2020-05-07 00:15:14.529
2020-05-07 00:15:14,983718,983874,2020-05-07 00:15:14.798
2020-05-07 00:15:15,983718,983874,2020-05-07 00:15:15.100
2020-05-07 00:15:15,983673,983874,2020-05-07 00:15:15.352
2020-05-07 00:15:15,983678,983874,2020-05-07 00:15:15.634
2020-05-07 00:15:15,983678,983874,2020-05-07 00:15:15.898
2020-05-07 00:15:16,983678,983874,2020-05-07 00:15:16.433
2020-05-07 00:15:16,983678,983874,2020-05-07 00:15:16.688
2020-05-07 00:15:17,983678,983874,2020-05-07 00:15:17.219
2020-05-07 00:15:17,983678,983874,2020-05-07 00:15:17.792
2020-05-07 00:15:18,983678,983874,2020-05-07 00:15:18.054
2020-05-07 00:15:18,983674,983874,2020-05-07 00:15:18.320
2020-05-07 00:15:18,983674,983874,2020-05-07 00:15:18.730
2020-05-07 00:15:18,983674,983874,2020-05-07 00:15:18.994
2020-05-07 00:15:19,983673,983874,2020-05-07 00:15:19.287
2020-05-07 00:15:19,983694,983874,2020-05-07 00:15:19.822
2020-05-07 00:15:20,983694,983874,2020-05-07 00:15:20.095
2020-05-07 00:15:20,983699,983874,2020-05-07 00:15:20.548
2020-05-07 00:15:20,983694,983869,2020-05-07 00:15:20.801
2020-05-07 00:15:21,983694,983869,2020-05-07 00:15:21.348
2020-05-07 00:15:22,983699,983874,2020-05-07 00:15:22.258
2020-05-07 00:15:22,983699,983874,2020-05-07 00:15:22.522
2020-05-07 00:15:23,983699,983869,2020-05-07 00:15:23.386
2020-05-07 00:15:23,983673,983828,2020-05-07 00:15:23.690
2020-05-07 00:15:24,983673,983828,2020-05-07 00:15:24.194
2020-05-07 00:15:24,983673,983823,2020-05-07 00:15:24.738
2020-05-07 00:15:25,983663,983823,2020-05-07 00:15:25.000
2020-05-07 00:15:25,983662,983823,2020-05-07 00:15:25.290
2020-05-07 00:15:25,983661,983828,2020-05-07 00:15:25.555
2020-05-07 00:15:25,983620,983637,2020-05-07 00:15:25.816
2020-05-07 00:15:26,983580,983632,2020-05-07 00:15:26.187
2020-05-07 00:15:26,983575,983637,2020-05-07 00:15:26.500
2020-05-07 00:15:26,983575,983637,2020-05-07 00:15:26.839
2020-05-07 00:15:27,983574,983637,2020-05-07 00:15:27.148
2020-05-07 00:15:27,983574,983637,2020-05-07 00:15:27.416
2020-05-07 00:15:27,983729,983828,2020-05-07 00:15:27.698
2020-05-07 00:15:28,983729,983828,2020-05-07 00:15:28.138
2020-05-07 00:15:28,983729,983869,2020-05-07 00:15:28.423
2020-05-07 00:15:28,983729,983869,2020-05-07 00:15:28.693
2020-05-07 00:15:29,983734,983869,2020-05-07 00:15:29.608
2020-05-07 00:15:29,983828,983874,2020-05-07 00:15:29.868
2020-05-07 00:15:30,983828,983874,2020-05-07 00:15:30.308
2020-05-07 00:15:30,983755,983874,2020-05-07 00:15:30.784
2020-05-07 00:15:31,983755,983874,2020-05-07 00:15:31.046
2020-05-07 00:15:31,983755,983874,2020-05-07 00:15:31.315
2020-05-07 00:15:31,983755,983874,2020-05-07 00:15:31.743
2020-05-07 00:15:32,983755,983874,2020-05-07 00:15:32.165
2020-05-07 00:15:32,983755,983874,2020-05-07 00:15:32.630
2020-05-07 00:15:32,983740,983874,2020-05-07 00:15:32.889
2020-05-07 00:15:33,983734,983874,2020-05-07 00:15:33.146
2020-05-07 00:15:33,983734,983874,2020-05-07 00:15:33.503
2020-05-07 00:15:33,983729,983874,2020-05-07 00:15:33.783
2020-05-07 00:15:34,983734,984015,2020-05-07 00:15:34.051
2020-05-07 00:15:34,983755,984015,2020-05-07 00:15:34.314
2020-05-07 00:15:34,983760,984015,2020-05-07 00:15:34.605
2020-05-07 00:15:34,983760,984015,2020-05-07 00:15:34.868
2020-05-07 00:15:35,983760,984015,2020-05-07 00:15:35.210
2020-05-07 00:15:35,983874,984015,2020-05-07 00:15:35.486
2020-05-07 00:15:35,983874,984015,2020-05-07 00:15:35.769
2020-05-07 00:15:36,983760,984015,2020-05-07 00:15:36.061
2020-05-07 00:15:36,983760,984015,2020-05-07 00:15:36.408
2020-05-07 00:15:36,983760,984015,2020-05-07 00:15:36.688
2020-05-07 00:15:36,983760,984015,2020-05-07 00:15:36.968
2020-05-07 00:15:37,983760,984015,2020-05-07 00:15:37.251
2020-05-07 00:15:37,983743,984015,2020-05-07 00:15:37.531
2020-05-07 00:15:38,983730,984015,2020-05-07 00:15:38.016
2020-05-07 00:15:38,983760,984015,2020-05-07 00:15:38.283
2020-05-07 00:15:38,983760,984015,2020-05-07 00:15:38.555
2020-05-07 00:15:38,983765,984015,2020-05-07 00:15:38.844
2020-05-07 00:15:39,983765,984015,2020-05-07 00:15:39.119
2020-05-07 00:15:39,983765,984115,2020-05-07 00:15:39.392
2020-05-07 00:15:39,984015,984115,2020-05-07 00:15:39.665
2020-05-07 00:15:40,984015,984115,2020-05-07 00:15:40.226
2020-05-07 00:15:40,983769,984115,2020-05-07 00:15:40.485
2020-05-07 00:15:40,983770,984115,2020-05-07 00:15:40.861
2020-05-07 00:15:41,983769,984115,2020-05-07 00:15:41.148
2020-05-07 00:15:41,983771,984115,2020-05-07 00:15:41.437
2020-05-07 00:15:41,983774,984115,2020-05-07 00:15:41.700
2020-05-07 00:15:41,983774,984115,2020-05-07 00:15:41.998
2020-05-07 00:15:42,983774,984115,2020-05-07 00:15:42.259
2020-05-07 00:15:42,983774,984115,2020-05-07 00:15:42.860
2020-05-07 00:15:43,983774,984054,2020-05-07 00:15:43.346
2020-05-07 00:15:43,983774,984054,2020-05-07 00:15:43.688
2020-05-07 00:15:43,983774,984054,2020-05-07 00:15:43.960
2020-05-07 00:15:44,983734,984115,2020-05-07 00:15:44.235
2020-05-07 00:15:44,983734,984115,2020-05-07 00:15:44.496
2020-05-07 00:15:44,983730,984115,2020-05-07 00:15:44.756
2020-05-07 00:15:45,983763,984090,2020-05-07 00:15:45.065
2020-05-07 00:15:45,983763,984090,2020-05-07 00:15:45.706
2020-05-07 00:15:46,983768,984090,2020-05-07 00:15:46.038
2020-05-07 00:15:46,983768,984115,2020-05-07 00:15:46.333
2020-05-07 00:15:46,983769,984115,2020-05-07 00:15:46.926
2020-05-07 00:15:47,983769,984115,2020-05-07 00:15:47.203
2020-05-07 00:15:47,983771,984115,2020-05-07 00:15:47.469
2020-05-07 00:15:47,983771,984115,2020-05-07 00:15:47.828
2020-05-07 00:15:48,983771,984115,2020-05-07 00:15:48.158
2020-05-07 00:15:48,983771,984115,2020-05-07 00:15:48.481
2020-05-07 00:15:48,983776,984115,2020-05-07 00:15:48.762
2020-05-07 00:15:49,983776,984115,2020-05-07 00:15:49.076
2020-05-07 00:15:49,983797,984115,2020-05-07 00:15:49.567
2020-05-07 00:15:49,983797,984115,2020-05-07 00:15:49.856
2020-05-07 00:15:50,983802,984115,2020-05-07 00:15:50.119
2020-05-07 00:15:50,983802,984115,2020-05-07 00:15:50.407
2020-05-07 00:15:50,983802,984115,2020-05-07 00:15:50.676
2020-05-07 00:15:51,983802,984115,2020-05-07 00:15:51.410
2020-05-07 00:15:51,983802,984115,2020-05-07 00:15:51.677
2020-05-07 00:15:52,983803,984115,2020-05-07 00:15:52.660
2020-05-07 00:15:52,983805,984115,2020-05-07 00:15:52.924
2020-05-07 00:15:53,983805,984115,2020-05-07 00:15:53.197
2020-05-07 00:15:53,983778,984115,2020-05-07 00:15:53.525
2020-05-07 00:15:53,983820,984115,2020-05-07 00:15:53.786
2020-05-07 00:15:54,983820,984115,2020-05-07 00:15:54.220
2020-05-07 00:15:54,983825,984115,2020-05-07 00:15:54.487
2020-05-07 00:15:54,983825,984115,2020-05-07 00:15:54.781
2020-05-07 00:15:55,983825,984115,2020-05-07 00:15:55.062
2020-05-07 00:15:55,983825,984115,2020-05-07 00:15:55.338
2020-05-07 00:15:55,983825,984115,2020-05-07 00:15:55.614
2020-05-07 00:15:55,983825,984115,2020-05-07 00:15:55.889
2020-05-07 00:15:56,983825,984115,2020-05-07 00:15:56.158
2020-05-07 00:15:56,983825,984115,2020-05-07 00:15:56.449
2020-05-07 00:15:56,983825,984115,2020-05-07 00:15:56.822
2020-05-07 00:15:57,983780,984115,2020-05-07 00:15:57.297
2020-05-07 00:15:57,983788,984115,2020-05-07 00:15:57.601
2020-05-07 00:15:57,983797,984115,2020-05-07 00:15:57.890
2020-05-07 00:15:58,983798,984115,2020-05-07 00:15:58.296
2020-05-07 00:15:58,983819,984115,2020-05-07 00:15:58.578
2020-05-07 00:15:58,983824,984115,2020-05-07 00:15:58.898
2020-05-07 00:15:59,983824,984115,2020-05-07 00:15:59.167
2020-05-07 00:16:00,983829,984115,2020-05-07 00:16:00.134
2020-05-07 00:16:00,984062,984657,2020-05-07 00:16:00.394
2020-05-07 00:16:00,984725,984795,2020-05-07 00:16:00.730
2020-05-07 00:16:01,984725,984795,2020-05-07 00:16:01.006
2020-05-07 00:16:01,984725,984795,2020-05-07 00:16:01.286
2020-05-07 00:16:01,984730,984795,2020-05-07 00:16:01.782
2020-05-07 00:16:02,984296,984712,2020-05-07 00:16:02.149
2020-05-07 00:16:02,984253,984706,2020-05-07 00:16:02.488
2020-05-07 00:16:02,984187,984706,2020-05-07 00:16:02.780
2020-05-07 00:16:03,984275,984712,2020-05-07 00:16:03.064
2020-05-07 00:16:03,984275,984712,2020-05-07 00:16:03.418
2020-05-07 00:16:03,984276,984712,2020-05-07 00:16:03.679
2020-05-07 00:16:04,984281,984712,2020-05-07 00:16:04.148
2020-05-07 00:16:04,984287,984712,2020-05-07 00:16:04.417
2020-05-07 00:16:04,984292,984712,2020-05-07 00:16:04.706
2020-05-07 00:16:05,984292,984846,2020-05-07 00:16:05.445
2020-05-07 00:16:05,984443,984805,2020-05-07 00:16:05.766
2020-05-07 00:16:06,984443,984805,2020-05-07 00:16:06.032
2020-05-07 00:16:06,984444,984805,2020-05-07 00:16:06.346
2020-05-07 00:16:06,984444,984800,2020-05-07 00:16:06.613
2020-05-07 00:16:06,984444,984800,2020-05-07 00:16:06.870
2020-05-07 00:16:07,984444,984800,2020-05-07 00:16:07.798
2020-05-07 00:16:08,984450,984800,2020-05-07 00:16:08.440
2020-05-07 00:16:08,984451,984800,2020-05-07 00:16:08.723
2020-05-07 00:16:08,984456,984800,2020-05-07 00:16:08.991
2020-05-07 00:16:09,984456,984800,2020-05-07 00:16:09.259
2020-05-07 00:16:09,984457,984800,2020-05-07 00:16:09.560
2020-05-07 00:16:09,984457,984805,2020-05-07 00:16:09.833
2020-05-07 00:16:10,984457,984805,2020-05-07 00:16:10.114
2020-05-07 00:16:10,984462,984800,2020-05-07 00:16:10.394
2020-05-07 00:16:10,984483,984800,2020-05-07 00:16:10.700
2020-05-07 00:16:11,984560,984805,2020-05-07 00:16:11.662
2020-05-07 00:16:11,984565,984930,2020-05-07 00:16:11.930
2020-05-07 00:16:12,984565,984939,2020-05-07 00:16:12.202
2020-05-07 00:16:12,984566,984939,2020-05-07 00:16:12.459
2020-05-07 00:16:12,984805,984939,2020-05-07 00:16:12.719
2020-05-07 00:16:13,984805,984939,2020-05-07 00:16:13.007
2020-05-07 00:16:13,984805,984939,2020-05-07 00:16:13.431
2020-05-07 00:16:13,984805,984939,2020-05-07 00:16:13.743
2020-05-07 00:16:14,984805,984939,2020-05-07 00:16:14.063
2020-05-07 00:16:14,984805,984939,2020-05-07 00:16:14.750
2020-05-07 00:16:15,984805,984939,2020-05-07 00:16:15.072
2020-05-07 00:16:15,984805,984939,2020-05-07 00:16:15.482
2020-05-07 00:16:15,984805,984939,2020-05-07 00:16:15.748
2020-05-07 00:16:16,984805,984939,2020-05-07 00:16:16.057
2020-05-07 00:16:16,984805,984939,2020-05-07 00:16:16.356
2020-05-07 00:16:16,984805,984939,2020-05-07 00:16:16.673
2020-05-07 00:16:17,984805,984939,2020-05-07 00:16:17.055
2020-05-07 00:16:17,985220,984939,2020-05-07 00:16:17.326
2020-05-07 00:16:18,985221,984939,2020-05-07 00:16:18.410
2020-05-07 00:16:18,985061,984939,2020-05-07 00:16:18.694
2020-05-07 00:16:18,985061,984939,2020-05-07 00:16:18.986
2020-05-07 00:16:19,984946,984939,2020-05-07 00:16:19.297
2020-05-07 00:16:19,984935,984938,2020-05-07 00:16:19.641
2020-05-07 00:16:19,984935,984938,2020-05-07 00:16:19.934
2020-05-07 00:16:21,984588,984930,2020-05-07 00:16:21.752
2020-05-07 00:16:22,984588,984978,2020-05-07 00:16:22.031
2020-05-07 00:16:22,984589,984978,2020-05-07 00:16:22.357
2020-05-07 00:16:22,984589,984978,2020-05-07 00:16:22.641
2020-05-07 00:16:22,984600,984979,2020-05-07 00:16:22.994
2020-05-07 00:16:23,984601,984979,2020-05-07 00:16:23.282
2020-05-07 00:16:23,984601,984979,2020-05-07 00:16:23.592
2020-05-07 00:16:24,984606,984979,2020-05-07 00:16:24.617
2020-05-07 00:16:24,984627,984984,2020-05-07 00:16:24.883
2020-05-07 00:16:25,984628,984984,2020-05-07 00:16:25.402
2020-05-07 00:16:25,984633,984995,2020-05-07 00:16:25.715
2020-05-07 00:16:25,984634,984995,2020-05-07 00:16:25.999
2020-05-07 00:16:26,984634,984995,2020-05-07 00:16:26.893
2020-05-07 00:16:27,984661,984995,2020-05-07 00:16:27.169
2020-05-07 00:16:27,984661,984995,2020-05-07 00:16:27.432
2020-05-07 00:16:27,984661,984995,2020-05-07 00:16:27.830
2020-05-07 00:16:28,984662,984995,2020-05-07 00:16:28.096
2020-05-07 00:16:28,984666,984995,2020-05-07 00:16:28.376
2020-05-07 00:16:28,984666,984995,2020-05-07 00:16:28.641
2020-05-07 00:16:28,984670,984995,2020-05-07 00:16:28.939
2020-05-07 00:16:29,984670,984995,2020-05-07 00:16:29.369
2020-05-07 00:16:29,984676,984995,2020-05-07 00:16:29.632
2020-05-07 00:16:29,984676,984995,2020-05-07 00:16:29.910
2020-05-07 00:16:30,984681,984995,2020-05-07 00:16:30.192
2020-05-07 00:16:30,984682,984995,2020-05-07 00:16:30.588
2020-05-07 00:16:30,984775,984995,2020-05-07 00:16:30.875
2020-05-07 00:16:31,984775,984995,2020-05-07 00:16:31.218
2020-05-07 00:16:33,984775,984995,2020-05-07 00:16:33.063
2020-05-07 00:16:33,984775,984995,2020-05-07 00:16:33.693
2020-05-07 00:16:33,984786,984995,2020-05-07 00:16:33.994
2020-05-07 00:16:34,984715,984995,2020-05-07 00:16:34.580
2020-05-07 00:16:34,984806,984995,2020-05-07 00:16:34.841
2020-05-07 00:16:35,984811,984995,2020-05-07 00:16:35.182
2020-05-07 00:16:35,984811,984995,2020-05-07 00:16:35.494
2020-05-07 00:16:35,984811,984995,2020-05-07 00:16:35.821
2020-05-07 00:16:36,984811,984995,2020-05-07 00:16:36.226
2020-05-07 00:16:36,984811,984995,2020-05-07 00:16:36.485
2020-05-07 00:16:36,984811,984995,2020-05-07 00:16:36.778
2020-05-07 00:16:37,984811,984995,2020-05-07 00:16:37.116
2020-05-07 00:16:37,984811,984995,2020-05-07 00:16:37.400
2020-05-07 00:16:37,984636,984995,2020-05-07 00:16:37.709
2020-05-07 00:16:37,984636,984995,2020-05-07 00:16:37.985
2020-05-07 00:16:38,984637,984995,2020-05-07 00:16:38.577
2020-05-07 00:16:38,984566,984995,2020-05-07 00:16:38.847
2020-05-07 00:16:39,984566,984995,2020-05-07 00:16:39.104
2020-05-07 00:16:39,984482,984510,2020-05-07 00:16:39.392
2020-05-07 00:16:39,984480,984510,2020-05-07 00:16:39.715
2020-05-07 00:16:39,983954,984481,2020-05-07 00:16:39.987
2020-05-07 00:16:40,983919,984480,2020-05-07 00:16:40.299
2020-05-07 00:16:40,983919,984480,2020-05-07 00:16:40.869
2020-05-07 00:16:41,983920,984477,2020-05-07 00:16:41.131
2020-05-07 00:16:41,983919,984475,2020-05-07 00:16:41.407
2020-05-07 00:16:42,983919,984462,2020-05-07 00:16:42.823
2020-05-07 00:16:43,984505,984510,2020-05-07 00:16:43.113
2020-05-07 00:16:43,984505,984510,2020-05-07 00:16:43.376
2020-05-07 00:16:43,983798,984276,2020-05-07 00:16:43.854
2020-05-07 00:16:44,983799,984275,2020-05-07 00:16:44.167
2020-05-07 00:16:44,983824,984275,2020-05-07 00:16:44.538
2020-05-07 00:16:44,983824,984298,2020-05-07 00:16:44.833
2020-05-07 00:16:45,983824,984509,2020-05-07 00:16:45.143
2020-05-07 00:16:45,983826,984297,2020-05-07 00:16:45.422
2020-05-07 00:16:45,983829,984296,2020-05-07 00:16:45.674
2020-05-07 00:16:45,983719,984296,2020-05-07 00:16:45.943
2020-05-07 00:16:46,983661,984291,2020-05-07 00:16:46.247
2020-05-07 00:16:46,983661,984291,2020-05-07 00:16:46.878
2020-05-07 00:16:47,983759,984289,2020-05-07 00:16:47.144
2020-05-07 00:16:48,983759,984289,2020-05-07 00:16:48.146
2020-05-07 00:16:48,983759,983841,2020-05-07 00:16:48.430
2020-05-07 00:16:48,983759,983841,2020-05-07 00:16:48.826
2020-05-07 00:16:49,983759,983841,2020-05-07 00:16:49.151
2020-05-07 00:16:49,983759,983995,2020-05-07 00:16:49.458
2020-05-07 00:16:49,983759,983995,2020-05-07 00:16:49.722
2020-05-07 00:16:50,983759,983995,2020-05-07 00:16:50.320
2020-05-07 00:16:50,983759,983990,2020-05-07 00:16:50.606
2020-05-07 00:16:50,983605,983990,2020-05-07 00:16:50.870
2020-05-07 00:16:51,983605,983985,2020-05-07 00:16:51.186
2020-05-07 00:16:51,983605,983985,2020-05-07 00:16:51.455
2020-05-07 00:16:51,983605,983985,2020-05-07 00:16:51.728
2020-05-07 00:16:52,983605,983985,2020-05-07 00:16:52.630
2020-05-07 00:16:52,983616,983913,2020-05-07 00:16:52.915
2020-05-07 00:16:53,983616,983913,2020-05-07 00:16:53.227
2020-05-07 00:16:53,983616,983913,2020-05-07 00:16:53.488
2020-05-07 00:16:53,983617,983985,2020-05-07 00:16:53.755
2020-05-07 00:16:54,983616,983971,2020-05-07 00:16:54.011
2020-05-07 00:16:54,983616,983971,2020-05-07 00:16:54.273
2020-05-07 00:16:54,983605,983971,2020-05-07 00:16:54.564
2020-05-07 00:16:54,983605,983971,2020-05-07 00:16:54.821
2020-05-07 00:16:55,983622,983927,2020-05-07 00:16:55.183
2020-05-07 00:16:55,983605,983927,2020-05-07 00:16:55.521
2020-05-07 00:16:55,983605,983961,2020-05-07 00:16:55.793
2020-05-07 00:16:56,983605,983960,2020-05-07 00:16:56.167
2020-05-07 00:16:57,983605,983986,2020-05-07 00:16:57.227
2020-05-07 00:16:57,984094,984506,2020-05-07 00:16:57.524
2020-05-07 00:16:57,984505,984509,2020-05-07 00:16:57.809
2020-05-07 00:16:58,984505,984509,2020-05-07 00:16:58.073
2020-05-07 00:16:58,984505,984508,2020-05-07 00:16:58.409
2020-05-07 00:16:58,984505,984508,2020-05-07 00:16:58.730
2020-05-07 00:16:59,984505,984508,2020-05-07 00:16:59.078
2020-05-07 00:16:59,984505,984508,2020-05-07 00:16:59.845
2020-05-07 00:17:00,984505,984508,2020-05-07 00:17:00.121
2020-05-07 00:17:00,984505,984508,2020-05-07 00:17:00.697
2020-05-07 00:17:00,984505,984507,2020-05-07 00:17:00.978
2020-05-07 00:17:01,984505,984507,2020-05-07 00:17:01.395
2020-05-07 00:17:01,984505,984507,2020-05-07 00:17:01.825
2020-05-07 00:17:02,984505,984507,2020-05-07 00:17:02.819
2020-05-07 00:17:03,984505,984508,2020-05-07 00:17:03.102
2020-05-07 00:17:03,984129,984508,2020-05-07 00:17:03.380
2020-05-07 00:17:03,984129,984508,2020-05-07 00:17:03.775
2020-05-07 00:17:04,984130,984508,2020-05-07 00:17:04.031
2020-05-07 00:17:04,984131,984508,2020-05-07 00:17:04.287
2020-05-07 00:17:04,984132,984508,2020-05-07 00:17:04.562
2020-05-07 00:17:04,984133,984508,2020-05-07 00:17:04.820
2020-05-07 00:17:05,984133,984508,2020-05-07 00:17:05.112
2020-05-07 00:17:05,984135,984508,2020-05-07 00:17:05.390
2020-05-07 00:17:05,984136,984634,2020-05-07 00:17:05.775
2020-05-07 00:17:06,984136,984634,2020-05-07 00:17:06.092
2020-05-07 00:17:06,984136,984634,2020-05-07 00:17:06.418
2020-05-07 00:17:06,984142,984634,2020-05-07 00:17:06.709
2020-05-07 00:17:07,984147,984646,2020-05-07 00:17:07.222
2020-05-07 00:17:07,984147,984646,2020-05-07 00:17:07.489
2020-05-07 00:17:07,984152,984856,2020-05-07 00:17:07.830
2020-05-07 00:17:08,984152,984835,2020-05-07 00:17:08.096
2020-05-07 00:17:08,984152,984835,2020-05-07 00:17:08.682
2020-05-07 00:17:08,984153,984830,2020-05-07 00:17:08.949
2020-05-07 00:17:09,984161,984835,2020-05-07 00:17:09.278
2020-05-07 00:17:09,984162,984830,2020-05-07 00:17:09.574
2020-05-07 00:17:09,984166,984830,2020-05-07 00:17:09.845
2020-05-07 00:17:10,984166,984830,2020-05-07 00:17:10.147
2020-05-07 00:17:10,984166,984930,2020-05-07 00:17:10.402
2020-05-07 00:17:10,984171,984865,2020-05-07 00:17:10.863
2020-05-07 00:17:11,984244,984956,2020-05-07 00:17:11.164
2020-05-07 00:17:11,984245,984944,2020-05-07 00:17:11.536
2020-05-07 00:17:11,984250,984923,2020-05-07 00:17:11.805
2020-05-07 00:17:12,984251,984923,2020-05-07 00:17:12.127
2020-05-07 00:17:12,984251,984923,2020-05-07 00:17:12.391
2020-05-07 00:17:13,984256,984918,2020-05-07 00:17:13.223
2020-05-07 00:17:13,984257,984918,2020-05-07 00:17:13.498
2020-05-07 00:17:13,984262,984903,2020-05-07 00:17:13.775
2020-05-07 00:17:14,984263,984903,2020-05-07 00:17:14.048
2020-05-07 00:17:14,984265,984903,2020-05-07 00:17:14.301
2020-05-07 00:17:14,984265,984903,2020-05-07 00:17:14.848
2020-05-07 00:17:15,984269,984918,2020-05-07 00:17:15.123
2020-05-07 00:17:16,984273,985053,2020-05-07 00:17:16.160
2020-05-07 00:17:17,984273,984940,2020-05-07 00:17:17.068
2020-05-07 00:17:17,984273,984940,2020-05-07 00:17:17.496
2020-05-07 00:17:17,984289,984913,2020-05-07 00:17:17.796
2020-05-07 00:17:18,984293,984913,2020-05-07 00:17:18.086
2020-05-07 00:17:18,984294,984913,2020-05-07 00:17:18.348
2020-05-07 00:17:18,984294,984913,2020-05-07 00:17:18.680
2020-05-07 00:17:19,984295,984913,2020-05-07 00:17:19.033
2020-05-07 00:17:19,984295,984914,2020-05-07 00:17:19.350
2020-05-07 00:17:19,984297,984914,2020-05-07 00:17:19.640
2020-05-07 00:17:19,984297,984914,2020-05-07 00:17:19.906
2020-05-07 00:17:20,984305,984914,2020-05-07 00:17:20.180
2020-05-07 00:17:20,984305,984914,2020-05-07 00:17:20.441
2020-05-07 00:17:20,984310,984914,2020-05-07 00:17:20.765
2020-05-07 00:17:21,984310,984914,2020-05-07 00:17:21.058
2020-05-07 00:17:21,984315,984893,2020-05-07 00:17:21.543
2020-05-07 00:17:21,984316,984888,2020-05-07 00:17:21.815
2020-05-07 00:17:22,984321,984893,2020-05-07 00:17:22.498
2020-05-07 00:17:23,984321,984893,2020-05-07 00:17:23.080
2020-05-07 00:17:23,984329,984888,2020-05-07 00:17:23.368
2020-05-07 00:17:23,984329,984888,2020-05-07 00:17:23.670
2020-05-07 00:17:23,984334,984888,2020-05-07 00:17:23.943
2020-05-07 00:17:24,984334,984882,2020-05-07 00:17:24.403
2020-05-07 00:17:24,984335,984882,2020-05-07 00:17:24.673
2020-05-07 00:17:24,984340,984882,2020-05-07 00:17:24.943
2020-05-07 00:17:25,984343,984861,2020-05-07 00:17:25.218
2020-05-07 00:17:25,984344,984861,2020-05-07 00:17:25.492
2020-05-07 00:17:25,984348,984856,2020-05-07 00:17:25.808
2020-05-07 00:17:26,984348,984856,2020-05-07 00:17:26.139
2020-05-07 00:17:26,984350,984856,2020-05-07 00:17:26.517
2020-05-07 00:17:26,984353,984856,2020-05-07 00:17:26.827
2020-05-07 00:17:27,984353,984856,2020-05-07 00:17:27.204
2020-05-07 00:17:27,984356,984856,2020-05-07 00:17:27.846
2020-05-07 00:17:28,984362,984970,2020-05-07 00:17:28.120
2020-05-07 00:17:29,984362,984970,2020-05-07 00:17:29.534
2020-05-07 00:17:29,984467,984999,2020-05-07 00:17:29.833
2020-05-07 00:17:30,984467,984999,2020-05-07 00:17:30.128
2020-05-07 00:17:30,984468,984994,2020-05-07 00:17:30.427
2020-05-07 00:17:30,984475,985000,2020-05-07 00:17:30.682
2020-05-07 00:17:31,985010,985053,2020-05-07 00:17:30.980
2020-05-07 00:17:31,985011,985151,2020-05-07 00:17:31.457
2020-05-07 00:17:32,984744,985178,2020-05-07 00:17:32.481
2020-05-07 00:17:32,985012,985178,2020-05-07 00:17:32.806
2020-05-07 00:17:33,985012,985178,2020-05-07 00:17:33.062
2020-05-07 00:17:33,985012,985178,2020-05-07 00:17:33.326
2020-05-07 00:17:33,985012,985178,2020-05-07 00:17:33.693
2020-05-07 00:17:33,985012,985178,2020-05-07 00:17:33.985
2020-05-07 00:17:34,985013,985178,2020-05-07 00:17:34.248
2020-05-07 00:17:34,985013,985178,2020-05-07 00:17:34.598
2020-05-07 00:17:34,985014,985178,2020-05-07 00:17:34.868
2020-05-07 00:17:36,985014,985178,2020-05-07 00:17:36.000
2020-05-07 00:17:36,985025,985178,2020-05-07 00:17:36.285
2020-05-07 00:17:36,985026,985178,2020-05-07 00:17:36.558
2020-05-07 00:17:36,985030,985178,2020-05-07 00:17:36.829
2020-05-07 00:17:37,985030,985178,2020-05-07 00:17:37.099
2020-05-07 00:17:37,985030,985178,2020-05-07 00:17:37.575
2020-05-07 00:17:37,985027,985178,2020-05-07 00:17:37.841
2020-05-07 00:17:38,985032,985178,2020-05-07 00:17:38.168
2020-05-07 00:17:38,985032,985178,2020-05-07 00:17:38.577
2020-05-07 00:17:38,984804,985178,2020-05-07 00:17:38.881
2020-05-07 00:17:39,984804,985178,2020-05-07 00:17:39.480
2020-05-07 00:17:39,984817,985178,2020-05-07 00:17:39.737
2020-05-07 00:17:40,984822,985178,2020-05-07 00:17:40.027
2020-05-07 00:17:40,984822,985178,2020-05-07 00:17:40.293
2020-05-07 00:17:40,984823,985178,2020-05-07 00:17:40.664
2020-05-07 00:17:40,984824,985178,2020-05-07 00:17:40.975
2020-05-07 00:17:41,984824,985178,2020-05-07 00:17:41.417
2020-05-07 00:17:41,984832,985178,2020-05-07 00:17:41.760
2020-05-07 00:17:42,984837,985178,2020-05-07 00:17:42.501
2020-05-07 00:17:42,984837,985178,2020-05-07 00:17:42.845
2020-05-07 00:17:43,984843,985178,2020-05-07 00:17:43.695
2020-05-07 00:17:43,984849,985178,2020-05-07 00:17:43.966
2020-05-07 00:17:44,984849,985178,2020-05-07 00:17:44.224
2020-05-07 00:17:44,984848,985178,2020-05-07 00:17:44.548
2020-05-07 00:17:44,984848,985178,2020-05-07 00:17:44.860
2020-05-07 00:17:45,984854,985178,2020-05-07 00:17:45.672
2020-05-07 00:17:45,984859,985178,2020-05-07 00:17:45.942
2020-05-07 00:17:46,984860,985178,2020-05-07 00:17:46.229
2020-05-07 00:17:46,984859,985178,2020-05-07 00:17:46.521
2020-05-07 00:17:46,984859,985178,2020-05-07 00:17:46.808
2020-05-07 00:17:47,984855,985178,2020-05-07 00:17:47.097
2020-05-07 00:17:47,984855,985178,2020-05-07 00:17:47.388
2020-05-07 00:17:47,984859,985178,2020-05-07 00:17:47.768
2020-05-07 00:17:48,984859,985178,2020-05-07 00:17:48.831
2020-05-07 00:17:49,984865,985178,2020-05-07 00:17:49.087
2020-05-07 00:17:49,984865,985178,2020-05-07 00:17:49.365
2020-05-07 00:17:49,984865,985178,2020-05-07 00:17:49.626
2020-05-07 00:17:50,984865,985178,2020-05-07 00:17:50.115
2020-05-07 00:17:50,984860,985178,2020-05-07 00:17:50.428
2020-05-07 00:17:50,984775,985178,2020-05-07 00:17:50.714
2020-05-07 00:17:50,984775,985178,2020-05-07 00:17:50.976
2020-05-07 00:17:51,984687,985178,2020-05-07 00:17:51.329
2020-05-07 00:17:51,984687,985178,2020-05-07 00:17:51.606
2020-05-07 00:17:51,984687,985171,2020-05-07 00:17:51.867
2020-05-07 00:17:52,984687,985171,2020-05-07 00:17:52.166
2020-05-07 00:17:52,984687,985171,2020-05-07 00:17:52.459
2020-05-07 00:17:52,984416,985171,2020-05-07 00:17:52.753
2020-05-07 00:17:53,984416,985171,2020-05-07 00:17:53.105
2020-05-07 00:17:53,984420,985159,2020-05-07 00:17:53.491
2020-05-07 00:17:53,984425,985149,2020-05-07 00:17:53.756
2020-05-07 00:17:54,984425,985144,2020-05-07 00:17:54.074
2020-05-07 00:17:54,984426,985144,2020-05-07 00:17:54.342
2020-05-07 00:17:54,984427,985144,2020-05-07 00:17:54.738
2020-05-07 00:17:55,984427,985144,2020-05-07 00:17:55.142
2020-05-07 00:17:55,984434,985143,2020-05-07 00:17:55.884
2020-05-07 00:17:56,984435,985088,2020-05-07 00:17:56.150
2020-05-07 00:17:56,984440,985088,2020-05-07 00:17:56.494
2020-05-07 00:17:56,984440,985088,2020-05-07 00:17:56.801
2020-05-07 00:17:57,984441,985138,2020-05-07 00:17:57.266
2020-05-07 00:17:57,984442,985137,2020-05-07 00:17:57.887
2020-05-07 00:17:58,984449,985099,2020-05-07 00:17:58.155
2020-05-07 00:17:58,984450,985099,2020-05-07 00:17:58.458
2020-05-07 00:17:58,984454,985099,2020-05-07 00:17:58.755
2020-05-07 00:17:59,984454,985099,2020-05-07 00:17:59.139
2020-05-07 00:17:59,984459,985109,2020-05-07 00:17:59.434
2020-05-07 00:17:59,984459,985109,2020-05-07 00:17:59.800
2020-05-07 00:18:00,984460,985111,2020-05-07 00:18:00.106
2020-05-07 00:18:00,984460,985108,2020-05-07 00:18:00.373
2020-05-07 00:18:00,984468,985108,2020-05-07 00:18:00.641
2020-05-07 00:18:00,984469,985103,2020-05-07 00:18:00.915
2020-05-07 00:18:01,984473,985103,2020-05-07 00:18:01.174
2020-05-07 00:18:01,984473,985103,2020-05-07 00:18:01.455
2020-05-07 00:18:01,984473,985082,2020-05-07 00:18:01.756
2020-05-07 00:18:02,984473,985082,2020-05-07 00:18:02.030
2020-05-07 00:18:02,984478,985069,2020-05-07 00:18:02.350
2020-05-07 00:18:02,984479,985069,2020-05-07 00:18:02.638
2020-05-07 00:18:02,984479,985069,2020-05-07 00:18:02.950
2020-05-07 00:18:03,984478,985069,2020-05-07 00:18:03.216
2020-05-07 00:18:03,984487,985076,2020-05-07 00:18:03.495
2020-05-07 00:18:03,984487,985076,2020-05-07 00:18:03.873
2020-05-07 00:18:04,984487,985068,2020-05-07 00:18:04.689
2020-05-07 00:18:04,984492,984953,2020-05-07 00:18:04.941
2020-05-07 00:18:05,984492,984953,2020-05-07 00:18:05.213
2020-05-07 00:18:05,984492,984932,2020-05-07 00:18:05.499
2020-05-07 00:18:05,984492,984932,2020-05-07 00:18:05.846
2020-05-07 00:18:06,984492,984932,2020-05-07 00:18:06.170
2020-05-07 00:18:06,984368,984869,2020-05-07 00:18:06.830
2020-05-07 00:18:07,984368,984868,2020-05-07 00:18:07.130
2020-05-07 00:18:07,984368,984868,2020-05-07 00:18:07.533
2020-05-07 00:18:07,984363,984863,2020-05-07 00:18:07.833
2020-05-07 00:18:08,984364,984614,2020-05-07 00:18:08.144
2020-05-07 00:18:08,984364,984614,2020-05-07 00:18:08.485
2020-05-07 00:18:08,984364,984614,2020-05-07 00:18:08.772
2020-05-07 00:18:09,984364,984614,2020-05-07 00:18:09.052
2020-05-07 00:18:09,984364,984614,2020-05-07 00:18:09.389
2020-05-07 00:18:09,984364,984614,2020-05-07 00:18:09.650
2020-05-07 00:18:10,984364,984614,2020-05-07 00:18:10.028
2020-05-07 00:18:10,984265,984623,2020-05-07 00:18:10.308
2020-05-07 00:18:10,984265,984621,2020-05-07 00:18:10.571
2020-05-07 00:18:10,984265,984610,2020-05-07 00:18:10.836
2020-05-07 00:18:12,984170,984610,2020-05-07 00:18:12.117
2020-05-07 00:18:12,984170,984610,2020-05-07 00:18:12.386
2020-05-07 00:18:12,984171,984171,2020-05-07 00:18:12.666
2020-05-07 00:18:12,984171,984166,2020-05-07 00:18:12.918
2020-05-07 00:18:13,984171,984166,2020-05-07 00:18:13.216
2020-05-07 00:18:13,984171,984166,2020-05-07 00:18:13.473
2020-05-07 00:18:13,984171,984166,2020-05-07 00:18:13.744
2020-05-07 00:18:14,984171,984166,2020-05-07 00:18:14.091
2020-05-07 00:18:14,984171,984166,2020-05-07 00:18:14.419
2020-05-07 00:18:14,984171,984568,2020-05-07 00:18:14.760
2020-05-07 00:18:15,984171,984368,2020-05-07 00:18:15.078
2020-05-07 00:18:15,984171,984567,2020-05-07 00:18:15.378
2020-05-07 00:18:15,984171,984367,2020-05-07 00:18:15.692
2020-05-07 00:18:16,984171,984366,2020-05-07 00:18:16.148
2020-05-07 00:18:16,984171,984541,2020-05-07 00:18:16.835
2020-05-07 00:18:17,984171,984150,2020-05-07 00:18:17.464
2020-05-07 00:18:17,984171,984145,2020-05-07 00:18:17.746
2020-05-07 00:18:18,984171,984145,2020-05-07 00:18:18.224
2020-05-07 00:18:18,984171,984145,2020-05-07 00:18:18.831
2020-05-07 00:18:19,984171,984353,2020-05-07 00:18:19.084
2020-05-07 00:18:19,984171,984353,2020-05-07 00:18:19.433
2020-05-07 00:18:19,984171,984353,2020-05-07 00:18:19.838
2020-05-07 00:18:20,984171,984329,2020-05-07 00:18:20.224
2020-05-07 00:18:20,984171,984324,2020-05-07 00:18:20.574
2020-05-07 00:18:21,984171,984324,2020-05-07 00:18:21.278
2020-05-07 00:18:21,984171,984265,2020-05-07 00:18:21.862
2020-05-07 00:18:22,984171,984265,2020-05-07 00:18:22.148
2020-05-07 00:18:22,984171,984261,2020-05-07 00:18:22.426
2020-05-07 00:18:24,984171,984261,2020-05-07 00:18:24.238
2020-05-07 00:18:24,984171,984261,2020-05-07 00:18:24.578
2020-05-07 00:18:24,984171,984202,2020-05-07 00:18:24.858
2020-05-07 00:18:25,983765,983912,2020-05-07 00:18:25.119
2020-05-07 00:18:25,983765,983911,2020-05-07 00:18:25.390
2020-05-07 00:18:25,983605,983911,2020-05-07 00:18:25.812
2020-05-07 00:18:26,983605,983452,2020-05-07 00:18:26.396
2020-05-07 00:18:26,983605,983620,2020-05-07 00:18:26.667
2020-05-07 00:18:26,983605,983615,2020-05-07 00:18:26.925
2020-05-07 00:18:27,983605,983620,2020-05-07 00:18:27.189
2020-05-07 00:18:27,983605,983620,2020-05-07 00:18:27.459
2020-05-07 00:18:27,983515,983620,2020-05-07 00:18:27.750
2020-05-07 00:18:28,983515,983907,2020-05-07 00:18:28.053
2020-05-07 00:18:28,983901,983910,2020-05-07 00:18:28.317
2020-05-07 00:18:29,983487,983900,2020-05-07 00:18:29.478
2020-05-07 00:18:30,983483,983900,2020-05-07 00:18:30.554
2020-05-07 00:18:30,983347,983516,2020-05-07 00:18:30.866
2020-05-07 00:18:31,983347,983516,2020-05-07 00:18:31.124
2020-05-07 00:18:31,983347,983516,2020-05-07 00:18:31.725
2020-05-07 00:18:32,983353,983872,2020-05-07 00:18:32.005
2020-05-07 00:18:32,983353,983872,2020-05-07 00:18:32.270
2020-05-07 00:18:32,983353,983872,2020-05-07 00:18:32.553
2020-05-07 00:18:32,983353,983872,2020-05-07 00:18:32.840
2020-05-07 00:18:33,983354,983869,2020-05-07 00:18:33.122
2020-05-07 00:18:33,983388,983869,2020-05-07 00:18:33.386
2020-05-07 00:18:33,983388,983869,2020-05-07 00:18:33.684
2020-05-07 00:18:34,983388,983869,2020-05-07 00:18:34.114
2020-05-07 00:18:34,983388,983846,2020-05-07 00:18:34.578
2020-05-07 00:18:34,983388,983846,2020-05-07 00:18:34.967
2020-05-07 00:18:35,983394,983845,2020-05-07 00:18:35.240
2020-05-07 00:18:35,983394,983845,2020-05-07 00:18:35.781
2020-05-07 00:18:36,983394,983838,2020-05-07 00:18:36.050
2020-05-07 00:18:36,983394,983838,2020-05-07 00:18:36.328
2020-05-07 00:18:36,983392,983838,2020-05-07 00:18:36.628
2020-05-07 00:18:36,983392,983843,2020-05-07 00:18:36.895
2020-05-07 00:18:37,983392,983846,2020-05-07 00:18:37.507
2020-05-07 00:18:37,983398,983834,2020-05-07 00:18:37.989
2020-05-07 00:18:38,983537,983834,2020-05-07 00:18:38.907
2020-05-07 00:18:39,983336,983812,2020-05-07 00:18:39.734
2020-05-07 00:18:40,983336,983812,2020-05-07 00:18:40.077
2020-05-07 00:18:40,983361,983811,2020-05-07 00:18:40.383
2020-05-07 00:18:40,983361,983811,2020-05-07 00:18:40.638
2020-05-07 00:18:40,983361,983810,2020-05-07 00:18:40.965
2020-05-07 00:18:41,983361,983810,2020-05-07 00:18:41.839
2020-05-07 00:18:42,983336,983809,2020-05-07 00:18:42.095
2020-05-07 00:18:42,983336,983808,2020-05-07 00:18:42.395
2020-05-07 00:18:42,983336,983682,2020-05-07 00:18:42.666
2020-05-07 00:18:42,983336,983682,2020-05-07 00:18:42.935
2020-05-07 00:18:43,983336,983681,2020-05-07 00:18:43.248
2020-05-07 00:18:43,983336,983681,2020-05-07 00:18:43.531
2020-05-07 00:18:43,983336,983681,2020-05-07 00:18:43.805
2020-05-07 00:18:44,983122,983681,2020-05-07 00:18:44.073
2020-05-07 00:18:44,983122,983680,2020-05-07 00:18:44.401
2020-05-07 00:18:44,983403,983675,2020-05-07 00:18:44.940
2020-05-07 00:18:45,983132,983675,2020-05-07 00:18:45.221
2020-05-07 00:18:45,983132,983675,2020-05-07 00:18:45.766
2020-05-07 00:18:46,983133,983676,2020-05-07 00:18:46.256
2020-05-07 00:18:46,983396,983655,2020-05-07 00:18:46.524
2020-05-07 00:18:46,983396,983655,2020-05-07 00:18:46.788
2020-05-07 00:18:47,983396,983655,2020-05-07 00:18:47.282
2020-05-07 00:18:48,983141,983650,2020-05-07 00:18:48.464
2020-05-07 00:18:48,983146,983650,2020-05-07 00:18:48.720
2020-05-07 00:18:48,983316,983654,2020-05-07 00:18:48.981
2020-05-07 00:18:49,983316,983648,2020-05-07 00:18:49.245
2020-05-07 00:18:49,983154,983648,2020-05-07 00:18:49.518
2020-05-07 00:18:49,983154,983652,2020-05-07 00:18:49.783
2020-05-07 00:18:50,983154,983648,2020-05-07 00:18:50.062
2020-05-07 00:18:50,983154,983648,2020-05-07 00:18:50.353
2020-05-07 00:18:50,983154,983648,2020-05-07 00:18:50.657
2020-05-07 00:18:50,983154,983648,2020-05-07 00:18:50.938
2020-05-07 00:18:51,983160,983630,2020-05-07 00:18:51.345
2020-05-07 00:18:51,983161,983629,2020-05-07 00:18:51.643
2020-05-07 00:18:52,983161,983629,2020-05-07 00:18:52.833
2020-05-07 00:18:53,983169,983626,2020-05-07 00:18:53.104
2020-05-07 00:18:53,983132,983625,2020-05-07 00:18:53.356
2020-05-07 00:18:53,983162,983624,2020-05-07 00:18:53.836
2020-05-07 00:18:54,983032,983624,2020-05-07 00:18:54.120
2020-05-07 00:18:54,983086,983619,2020-05-07 00:18:54.506
2020-05-07 00:18:54,983086,983619,2020-05-07 00:18:54.789
2020-05-07 00:18:55,983086,983594,2020-05-07 00:18:55.100
2020-05-07 00:18:55,983014,983086,2020-05-07 00:18:55.406
2020-05-07 00:18:55,983014,983086,2020-05-07 00:18:55.745
2020-05-07 00:18:56,983015,983086,2020-05-07 00:18:56.017
2020-05-07 00:18:56,982947,983081,2020-05-07 00:18:56.862
2020-05-07 00:18:57,982947,983081,2020-05-07 00:18:57.189
2020-05-07 00:18:57,982947,983081,2020-05-07 00:18:57.479
2020-05-07 00:18:57,982947,983081,2020-05-07 00:18:57.756
2020-05-07 00:18:58,982537,982998,2020-05-07 00:18:58.018
2020-05-07 00:18:58,982817,982998,2020-05-07 00:18:58.318
2020-05-07 00:18:59,982817,982998,2020-05-07 00:18:59.076
2020-05-07 00:18:59,982541,982996,2020-05-07 00:18:59.394
2020-05-07 00:18:59,982541,982995,2020-05-07 00:18:59.672
2020-05-07 00:19:00,982546,982994,2020-05-07 00:18:59.984
2020-05-07 00:19:01,982649,982993,2020-05-07 00:19:01.194
2020-05-07 00:19:01,982655,982995,2020-05-07 00:19:01.841
2020-05-07 00:19:02,982655,982995,2020-05-07 00:19:02.123
2020-05-07 00:19:02,982661,982997,2020-05-07 00:19:02.579
2020-05-07 00:19:02,982657,982997,2020-05-07 00:19:02.856
2020-05-07 00:19:03,982655,982993,2020-05-07 00:19:03.117
2020-05-07 00:19:03,982658,982993,2020-05-07 00:19:03.693
2020-05-07 00:19:03,982663,982997,2020-05-07 00:19:03.966
2020-05-07 00:19:04,982663,982997,2020-05-07 00:19:04.254
2020-05-07 00:19:04,982993,982998,2020-05-07 00:19:04.521
2020-05-07 00:19:04,982993,982998,2020-05-07 00:19:04.825
2020-05-07 00:19:05,982993,983270,2020-05-07 00:19:05.112
2020-05-07 00:19:05,983042,983270,2020-05-07 00:19:05.632
2020-05-07 00:19:05,983042,983539,2020-05-07 00:19:05.888
2020-05-07 00:19:06,983047,983538,2020-05-07 00:19:06.167
2020-05-07 00:19:06,983284,983539,2020-05-07 00:19:06.430
2020-05-07 00:19:07,983289,983538,2020-05-07 00:19:07.133
2020-05-07 00:19:07,983289,983762,2020-05-07 00:19:07.398
2020-05-07 00:19:07,983279,983742,2020-05-07 00:19:07.778
2020-05-07 00:19:08,983280,983742,2020-05-07 00:19:08.062
2020-05-07 00:19:08,983285,983742,2020-05-07 00:19:08.346
2020-05-07 00:19:08,983285,983742,2020-05-07 00:19:08.714
2020-05-07 00:19:08,983286,983742,2020-05-07 00:19:08.983
2020-05-07 00:19:09,983291,983742,2020-05-07 00:19:09.277
2020-05-07 00:19:09,983291,983742,2020-05-07 00:19:09.707
2020-05-07 00:19:09,983289,983742,2020-05-07 00:19:09.972
2020-05-07 00:19:10,983294,983757,2020-05-07 00:19:10.265
2020-05-07 00:19:10,983295,983758,2020-05-07 00:19:10.530
2020-05-07 00:19:10,983296,983781,2020-05-07 00:19:10.839
2020-05-07 00:19:11,983300,983757,2020-05-07 00:19:11.129
2020-05-07 00:19:11,983301,983780,2020-05-07 00:19:11.421
2020-05-07 00:19:11,983305,983756,2020-05-07 00:19:11.716
2020-05-07 00:19:11,983305,983756,2020-05-07 00:19:11.984
2020-05-07 00:19:12,983306,983759,2020-05-07 00:19:12.254
2020-05-07 00:19:12,983306,983759,2020-05-07 00:19:12.527
2020-05-07 00:19:13,983307,983759,2020-05-07 00:19:13.013
2020-05-07 00:19:13,983307,983759,2020-05-07 00:19:13.463
2020-05-07 00:19:13,983312,983759,2020-05-07 00:19:13.737
2020-05-07 00:19:14,983315,983759,2020-05-07 00:19:14.004
2020-05-07 00:19:14,983321,983759,2020-05-07 00:19:14.291
