timestamp,bid,ask,tick_timestamp
2020-05-07 00:08:43,980652,980760,2020-05-07 00:08:43.672
2020-05-07 00:08:43,980652,980760,2020-05-07 00:08:43.944
2020-05-07 00:08:45,980652,980760,2020-05-07 00:08:45.032
2020-05-07 00:08:45,980652,980760,2020-05-07 00:08:45.352
2020-05-07 00:08:46,980674,980760,2020-05-07 00:08:46.182
2020-05-07 00:08:46,980674,980760,2020-05-07 00:08:46.449
2020-05-07 00:08:46,980674,980760,2020-05-07 00:08:46.781
2020-05-07 00:08:47,980674,980760,2020-05-07 00:08:47.229
2020-05-07 00:08:47,980674,980760,2020-05-07 00:08:47.679
2020-05-07 00:08:48,980674,980760,2020-05-07 00:08:48.089
2020-05-07 00:08:48,980674,980760,2020-05-07 00:08:48.363
2020-05-07 00:08:48,980674,980760,2020-05-07 00:08:48.669
2020-05-07 00:08:49,980674,980760,2020-05-07 00:08:48.945
2020-05-07 00:08:50,980674,980760,2020-05-07 00:08:50.062
2020-05-07 00:08:50,980674,980760,2020-05-07 00:08:50.417
2020-05-07 00:08:50,980674,980760,2020-05-07 00:08:50.868
2020-05-07 00:08:51,980674,980760,2020-05-07 00:08:51.264
2020-05-07 00:08:51,980618,980760,2020-05-07 00:08:51.597
2020-05-07 00:08:51,980618,980760,2020-05-07 00:08:51.873
2020-05-07 00:08:52,980618,980760,2020-05-07 00:08:52.251
2020-05-07 00:08:52,980618,980760,2020-05-07 00:08:52.839
2020-05-07 00:08:53,980618,980760,2020-05-07 00:08:53.143
2020-05-07 00:08:53,980618,980760,2020-05-07 00:08:53.417
2020-05-07 00:08:54,980618,980760,2020-05-07 00:08:54.281
2020-05-07 00:08:54,980618,980760,2020-05-07 00:08:54.574
2020-05-07 00:08:54,980618,980830,2020-05-07 00:08:54.868
2020-05-07 00:08:55,980620,980862,2020-05-07 00:08:55.137
2020-05-07 00:08:55,980876,980889,2020-05-07 00:08:55.407
2020-05-07 00:08:55,980876,980889,2020-05-07 00:08:55.695
2020-05-07 00:08:55,980876,980889,2020-05-07 00:08:55.980
2020-05-07 00:08:56,980876,980889,2020-05-07 00:08:56.258
2020-05-07 00:08:56,980876,980889,2020-05-07 00:08:56.518
2020-05-07 00:08:56,980876,980889,2020-05-07 00:08:56.784
2020-05-07 00:08:57,980876,980867,2020-05-07 00:08:57.067
2020-05-07 00:08:57,980876,980867,2020-05-07 00:08:57.376
2020-05-07 00:08:57,980876,980867,2020-05-07 00:08:57.940
2020-05-07 00:08:58,980876,980867,2020-05-07 00:08:58.216
2020-05-07 00:08:58,980876,980867,2020-05-07 00:08:58.468
2020-05-07 00:08:58,980876,980867,2020-05-07 00:08:58.901
2020-05-07 00:08:59,980876,980867,2020-05-07 00:08:59.415
2020-05-07 00:08:59,980876,980867,2020-05-07 00:08:59.687
2020-05-07 00:08:59,980876,980867,2020-05-07 00:08:59.969
2020-05-07 00:09:00,980876,980867,2020-05-07 00:09:00.249
2020-05-07 00:09:00,980876,980867,2020-05-07 00:09:00.509
2020-05-07 00:09:00,980876,980867,2020-05-07 00:09:00.776
2020-05-07 00:09:01,980876,980867,2020-05-07 00:09:01.078
2020-05-07 00:09:01,980876,980867,2020-05-07 00:09:01.401
2020-05-07 00:09:01,980876,980867,2020-05-07 00:09:01.670
2020-05-07 00:09:01,980876,980862,2020-05-07 00:09:01.965
2020-05-07 00:09:02,980876,980862,2020-05-07 00:09:02.227
2020-05-07 00:09:02,980876,980862,2020-05-07 00:09:02.525
2020-05-07 00:09:02,980876,980867,2020-05-07 00:09:02.836
2020-05-07 00:09:03,980876,980867,2020-05-07 00:09:03.123
2020-05-07 00:09:03,980876,980867,2020-05-07 00:09:03.562
2020-05-07 00:09:03,980876,980867,2020-05-07 00:09:03.863
2020-05-07 00:09:04,980876,980867,2020-05-07 00:09:04.125
2020-05-07 00:09:04,980876,980867,2020-05-07 00:09:04.825
2020-05-07 00:09:05,980876,981124,2020-05-07 00:09:05.121
2020-05-07 00:09:05,980876,981124,2020-05-07 00:09:05.418
2020-05-07 00:09:05,980876,981030,2020-05-07 00:09:05.788
2020-05-07 00:09:06,980876,981030,2020-05-07 00:09:06.061
2020-05-07 00:09:06,980876,981030,2020-05-07 00:09:06.379
2020-05-07 00:09:07,980876,981030,2020-05-07 00:09:07.294
2020-05-07 00:09:07,980876,980914,2020-05-07 00:09:07.553
2020-05-07 00:09:07,980862,980861,2020-05-07 00:09:07.820
2020-05-07 00:09:08,980862,980861,2020-05-07 00:09:08.091
2020-05-07 00:09:08,980862,980861,2020-05-07 00:09:08.828
2020-05-07 00:09:09,980862,980861,2020-05-07 00:09:09.122
2020-05-07 00:09:09,980862,980861,2020-05-07 00:09:09.489
2020-05-07 00:09:09,980862,980861,2020-05-07 00:09:09.785
2020-05-07 00:09:10,980862,980861,2020-05-07 00:09:10.071
2020-05-07 00:09:10,980810,980861,2020-05-07 00:09:10.330
2020-05-07 00:09:10,980803,980805,2020-05-07 00:09:10.847
2020-05-07 00:09:11,980533,980902,2020-05-07 00:09:11.129
2020-05-07 00:09:11,980571,980877,2020-05-07 00:09:11.404
2020-05-07 00:09:11,980590,980877,2020-05-07 00:09:11.688
2020-05-07 00:09:11,980590,980877,2020-05-07 00:09:11.972
2020-05-07 00:09:13,980590,980877,2020-05-07 00:09:13.095
2020-05-07 00:09:13,980590,980877,2020-05-07 00:09:13.377
2020-05-07 00:09:13,980590,980877,2020-05-07 00:09:13.729
2020-05-07 00:09:14,980590,980877,2020-05-07 00:09:14.012
2020-05-07 00:09:14,980590,980877,2020-05-07 00:09:14.284
2020-05-07 00:09:14,980619,980877,2020-05-07 00:09:14.574
2020-05-07 00:09:14,980619,980877,2020-05-07 00:09:14.831
2020-05-07 00:09:15,980619,980877,2020-05-07 00:09:15.156
2020-05-07 00:09:15,980645,980838,2020-05-07 00:09:15.411
2020-05-07 00:09:15,980645,980838,2020-05-07 00:09:15.672
2020-05-07 00:09:16,980645,980877,2020-05-07 00:09:16.056
2020-05-07 00:09:16,980645,980877,2020-05-07 00:09:16.350
2020-05-07 00:09:16,980674,980877,2020-05-07 00:09:16.648
2020-05-07 00:09:16,980674,980877,2020-05-07 00:09:16.935
2020-05-07 00:09:17,980674,980877,2020-05-07 00:09:17.213
2020-05-07 00:09:17,980674,980675,2020-05-07 00:09:17.533
2020-05-07 00:09:17,980645,980669,2020-05-07 00:09:17.864
2020-05-07 00:09:18,980645,980669,2020-05-07 00:09:18.214
2020-05-07 00:09:18,980645,980669,2020-05-07 00:09:18.494
2020-05-07 00:09:18,980704,980877,2020-05-07 00:09:18.867
2020-05-07 00:09:19,980704,980877,2020-05-07 00:09:19.481
2020-05-07 00:09:20,980704,980877,2020-05-07 00:09:20.072
2020-05-07 00:09:20,980704,980877,2020-05-07 00:09:20.367
2020-05-07 00:09:20,980704,980877,2020-05-07 00:09:20.666
2020-05-07 00:09:21,980704,980877,2020-05-07 00:09:21.221
2020-05-07 00:09:21,980704,980877,2020-05-07 00:09:21.500
2020-05-07 00:09:21,980645,980877,2020-05-07 00:09:21.767
2020-05-07 00:09:22,980645,980699,2020-05-07 00:09:22.046
2020-05-07 00:09:22,980645,980877,2020-05-07 00:09:22.437
2020-05-07 00:09:23,980645,980877,2020-05-07 00:09:23.007
2020-05-07 00:09:23,980645,980680,2020-05-07 00:09:23.308
2020-05-07 00:09:23,980585,980680,2020-05-07 00:09:23.614
2020-05-07 00:09:23,980585,980848,2020-05-07 00:09:23.919
2020-05-07 00:09:24,980649,980848,2020-05-07 00:09:24.229
2020-05-07 00:09:24,980650,980859,2020-05-07 00:09:24.505
2020-05-07 00:09:25,980650,980859,2020-05-07 00:09:25.229
2020-05-07 00:09:25,980649,980859,2020-05-07 00:09:25.489
2020-05-07 00:09:25,980585,980645,2020-05-07 00:09:25.777
2020-05-07 00:09:26,980585,980645,2020-05-07 00:09:26.072
2020-05-07 00:09:26,980585,980645,2020-05-07 00:09:26.354
2020-05-07 00:09:26,980585,980645,2020-05-07 00:09:26.824
2020-05-07 00:09:27,980585,980609,2020-05-07 00:09:27.102
2020-05-07 00:09:27,980585,980609,2020-05-07 00:09:27.356
2020-05-07 00:09:27,980484,980532,2020-05-07 00:09:27.614
2020-05-07 00:09:28,980305,980527,2020-05-07 00:09:27.999
2020-05-07 00:09:28,980303,980527,2020-05-07 00:09:28.270
2020-05-07 00:09:28,980305,980527,2020-05-07 00:09:28.529
2020-05-07 00:09:29,980305,980527,2020-05-07 00:09:29.206
2020-05-07 00:09:29,980305,980527,2020-05-07 00:09:29.462
2020-05-07 00:09:30,980284,980527,2020-05-07 00:09:30.054
2020-05-07 00:09:30,980239,980527,2020-05-07 00:09:30.334
2020-05-07 00:09:30,980080,980527,2020-05-07 00:09:30.616
2020-05-07 00:09:30,980295,980527,2020-05-07 00:09:30.918
2020-05-07 00:09:31,980295,980527,2020-05-07 00:09:31.227
2020-05-07 00:09:31,980295,980527,2020-05-07 00:09:31.557
2020-05-07 00:09:31,980332,980527,2020-05-07 00:09:31.881
2020-05-07 00:09:32,980332,980527,2020-05-07 00:09:32.169
2020-05-07 00:09:32,980364,980527,2020-05-07 00:09:32.432
2020-05-07 00:09:32,980364,980527,2020-05-07 00:09:32.688
2020-05-07 00:09:32,980364,980527,2020-05-07 00:09:32.982
2020-05-07 00:09:33,980364,980596,2020-05-07 00:09:33.279
2020-05-07 00:09:33,980416,980596,2020-05-07 00:09:33.546
2020-05-07 00:09:33,980421,980596,2020-05-07 00:09:33.811
2020-05-07 00:09:34,980439,980596,2020-05-07 00:09:34.093
2020-05-07 00:09:34,980439,980596,2020-05-07 00:09:34.354
2020-05-07 00:09:34,980601,980596,2020-05-07 00:09:34.624
2020-05-07 00:09:34,980601,980596,2020-05-07 00:09:34.884
2020-05-07 00:09:35,980616,980655,2020-05-07 00:09:35.152
2020-05-07 00:09:35,980616,980655,2020-05-07 00:09:35.403
2020-05-07 00:09:35,980616,980666,2020-05-07 00:09:35.656
2020-05-07 00:09:35,980616,980666,2020-05-07 00:09:35.931
2020-05-07 00:09:36,980616,980666,2020-05-07 00:09:36.183
2020-05-07 00:09:36,980456,980666,2020-05-07 00:09:36.476
2020-05-07 00:09:36,980456,980455,2020-05-07 00:09:36.805
2020-05-07 00:09:37,980456,980666,2020-05-07 00:09:37.078
2020-05-07 00:09:37,980220,980666,2020-05-07 00:09:37.342
2020-05-07 00:09:37,980220,980666,2020-05-07 00:09:37.607
2020-05-07 00:09:37,980110,980666,2020-05-07 00:09:37.892
2020-05-07 00:09:38,980233,980417,2020-05-07 00:09:38.190
2020-05-07 00:09:38,980233,980396,2020-05-07 00:09:38.459
2020-05-07 00:09:38,980110,980396,2020-05-07 00:09:38.724
2020-05-07 00:09:38,980110,980396,2020-05-07 00:09:38.989
2020-05-07 00:09:39,980110,980396,2020-05-07 00:09:39.834
2020-05-07 00:09:40,980110,980396,2020-05-07 00:09:40.323
2020-05-07 00:09:40,980110,980396,2020-05-07 00:09:40.584
2020-05-07 00:09:40,980420,980416,2020-05-07 00:09:40.849
2020-05-07 00:09:41,980420,980416,2020-05-07 00:09:41.124
2020-05-07 00:09:41,980420,980416,2020-05-07 00:09:41.405
2020-05-07 00:09:41,980420,980416,2020-05-07 00:09:41.701
2020-05-07 00:09:42,980420,980416,2020-05-07 00:09:42.008
2020-05-07 00:09:42,980416,980415,2020-05-07 00:09:42.291
2020-05-07 00:09:42,980416,980415,2020-05-07 00:09:42.544
2020-05-07 00:09:42,980420,980415,2020-05-07 00:09:42.837
2020-05-07 00:09:43,980420,980415,2020-05-07 00:09:43.132
2020-05-07 00:09:43,980420,980595,2020-05-07 00:09:43.434
2020-05-07 00:09:43,980420,980519,2020-05-07 00:09:43.721
2020-05-07 00:09:44,980469,980519,2020-05-07 00:09:44.027
2020-05-07 00:09:44,980469,980519,2020-05-07 00:09:44.310
2020-05-07 00:09:44,980469,980519,2020-05-07 00:09:44.639
2020-05-07 00:09:44,980469,980519,2020-05-07 00:09:44.926
2020-05-07 00:09:45,980469,980519,2020-05-07 00:09:45.267
2020-05-07 00:09:45,980469,980519,2020-05-07 00:09:45.526
2020-05-07 00:09:45,980469,980519,2020-05-07 00:09:45.798
2020-05-07 00:09:46,980469,980519,2020-05-07 00:09:46.433
2020-05-07 00:09:46,980524,980617,2020-05-07 00:09:46.790
2020-05-07 00:09:47,980574,980617,2020-05-07 00:09:47.098
2020-05-07 00:09:47,980574,980617,2020-05-07 00:09:47.367
2020-05-07 00:09:47,980574,980617,2020-05-07 00:09:47.645
2020-05-07 00:09:48,980574,980617,2020-05-07 00:09:48.070
2020-05-07 00:09:48,980574,980617,2020-05-07 00:09:48.825
2020-05-07 00:09:49,980574,980574,2020-05-07 00:09:49.083
2020-05-07 00:09:49,980574,980574,2020-05-07 00:09:49.460
2020-05-07 00:09:49,980574,980574,2020-05-07 00:09:49.957
2020-05-07 00:09:50,980574,980574,2020-05-07 00:09:50.233
2020-05-07 00:09:50,980574,980573,2020-05-07 00:09:50.579
2020-05-07 00:09:50,980574,980566,2020-05-07 00:09:50.883
2020-05-07 00:09:51,980574,980566,2020-05-07 00:09:51.195
2020-05-07 00:09:51,980574,980566,2020-05-07 00:09:51.465
2020-05-07 00:09:51,980574,980566,2020-05-07 00:09:51.730
2020-05-07 00:09:52,980574,980566,2020-05-07 00:09:52.011
2020-05-07 00:09:52,980574,980566,2020-05-07 00:09:52.283
2020-05-07 00:09:52,980574,980566,2020-05-07 00:09:52.640
2020-05-07 00:09:53,980574,980550,2020-05-07 00:09:53.411
2020-05-07 00:09:54,980574,980550,2020-05-07 00:09:54.190
2020-05-07 00:09:54,980574,980550,2020-05-07 00:09:54.465
2020-05-07 00:09:54,980574,980550,2020-05-07 00:09:54.786
2020-05-07 00:09:55,980574,980550,2020-05-07 00:09:55.099
2020-05-07 00:09:55,980574,980545,2020-05-07 00:09:55.449
2020-05-07 00:09:56,980574,980545,2020-05-07 00:09:56.461
2020-05-07 00:09:56,980574,980545,2020-05-07 00:09:56.726
2020-05-07 00:09:57,980129,980098,2020-05-07 00:09:57.043
2020-05-07 00:09:57,980129,980098,2020-05-07 00:09:57.319
2020-05-07 00:09:57,980129,980098,2020-05-07 00:09:57.595
2020-05-07 00:09:57,980129,980098,2020-05-07 00:09:57.934
2020-05-07 00:09:58,980180,980098,2020-05-07 00:09:58.469
2020-05-07 00:09:58,980223,980098,2020-05-07 00:09:58.744
2020-05-07 00:09:59,980223,980465,2020-05-07 00:09:59.018
2020-05-07 00:09:59,980223,980448,2020-05-07 00:09:59.760
2020-05-07 00:10:00,980223,980465,2020-05-07 00:10:00.017
2020-05-07 00:10:00,980223,980505,2020-05-07 00:10:00.299
2020-05-07 00:10:00,980246,980505,2020-05-07 00:10:00.974
2020-05-07 00:10:01,980246,980505,2020-05-07 00:10:01.935
2020-05-07 00:10:02,980246,980500,2020-05-07 00:10:02.226
2020-05-07 00:10:02,980246,980496,2020-05-07 00:10:02.513
2020-05-07 00:10:02,980246,980496,2020-05-07 00:10:02.821
2020-05-07 00:10:03,980246,980496,2020-05-07 00:10:03.672
2020-05-07 00:10:04,980246,980496,2020-05-07 00:10:04.153
2020-05-07 00:10:04,980246,980496,2020-05-07 00:10:04.468
2020-05-07 00:10:04,980246,980496,2020-05-07 00:10:04.739
2020-05-07 00:10:05,980246,980496,2020-05-07 00:10:05.354
2020-05-07 00:10:06,980246,980496,2020-05-07 00:10:06.373
2020-05-07 00:10:06,980246,980496,2020-05-07 00:10:06.957
2020-05-07 00:10:07,980246,980496,2020-05-07 00:10:07.227
2020-05-07 00:10:07,980246,980496,2020-05-07 00:10:07.522
2020-05-07 00:10:07,980246,980496,2020-05-07 00:10:07.794
2020-05-07 00:10:08,980246,980496,2020-05-07 00:10:08.054
2020-05-07 00:10:08,980246,980566,2020-05-07 00:10:08.382
2020-05-07 00:10:08,980334,980566,2020-05-07 00:10:08.841
2020-05-07 00:10:09,980334,980566,2020-05-07 00:10:09.138
2020-05-07 00:10:09,980334,980565,2020-05-07 00:10:09.465
2020-05-07 00:10:09,980334,980565,2020-05-07 00:10:09.823
2020-05-07 00:10:10,980334,980560,2020-05-07 00:10:10.086
2020-05-07 00:10:10,980334,980560,2020-05-07 00:10:10.534
2020-05-07 00:10:11,980334,980560,2020-05-07 00:10:11.080
2020-05-07 00:10:11,980334,980560,2020-05-07 00:10:11.359
2020-05-07 00:10:11,980334,980560,2020-05-07 00:10:11.695
2020-05-07 00:10:11,980317,980560,2020-05-07 00:10:11.959
2020-05-07 00:10:12,980317,980560,2020-05-07 00:10:12.257
2020-05-07 00:10:12,980317,980560,2020-05-07 00:10:12.641
2020-05-07 00:10:12,980317,980560,2020-05-07 00:10:12.927
2020-05-07 00:10:13,980317,980560,2020-05-07 00:10:13.646
2020-05-07 00:10:13,980317,980560,2020-05-07 00:10:13.924
2020-05-07 00:10:14,980317,980314,2020-05-07 00:10:14.265
2020-05-07 00:10:14,980317,980314,2020-05-07 00:10:14.662
2020-05-07 00:10:15,980317,980314,2020-05-07 00:10:15.378
2020-05-07 00:10:15,980317,980314,2020-05-07 00:10:15.979
2020-05-07 00:10:16,980317,980314,2020-05-07 00:10:16.277
2020-05-07 00:10:16,980317,980314,2020-05-07 00:10:16.832
2020-05-07 00:10:17,980317,980314,2020-05-07 00:10:17.631
2020-05-07 00:10:17,980317,980314,2020-05-07 00:10:17.943
2020-05-07 00:10:18,980317,980314,2020-05-07 00:10:18.211
2020-05-07 00:10:18,980317,980314,2020-05-07 00:10:18.489
2020-05-07 00:10:18,980317,980314,2020-05-07 00:10:18.851
2020-05-07 00:10:19,980317,980314,2020-05-07 00:10:19.219
2020-05-07 00:10:19,980317,980314,2020-05-07 00:10:19.745
2020-05-07 00:10:20,980317,980314,2020-05-07 00:10:20.020
2020-05-07 00:10:20,980317,980314,2020-05-07 00:10:20.351
2020-05-07 00:10:20,980317,980314,2020-05-07 00:10:20.625
2020-05-07 00:10:20,980317,980314,2020-05-07 00:10:20.892
2020-05-07 00:10:21,980317,980314,2020-05-07 00:10:21.184
2020-05-07 00:10:21,980317,980314,2020-05-07 00:10:21.486
2020-05-07 00:10:21,980317,980314,2020-05-07 00:10:21.738
2020-05-07 00:10:22,980317,980314,2020-05-07 00:10:22.025
2020-05-07 00:10:22,980317,980314,2020-05-07 00:10:22.314
2020-05-07 00:10:22,980317,980314,2020-05-07 00:10:22.595
2020-05-07 00:10:23,980317,980314,2020-05-07 00:10:23.320
2020-05-07 00:10:23,980317,980314,2020-05-07 00:10:23.589
2020-05-07 00:10:24,980317,980314,2020-05-07 00:10:24.387
2020-05-07 00:10:25,980317,980314,2020-05-07 00:10:25.123
2020-05-07 00:10:25,980317,980314,2020-05-07 00:10:25.387
2020-05-07 00:10:25,980317,980314,2020-05-07 00:10:25.714
2020-05-07 00:10:26,980317,980314,2020-05-07 00:10:26.063
2020-05-07 00:10:26,980317,980314,2020-05-07 00:10:26.822
2020-05-07 00:10:27,980317,980314,2020-05-07 00:10:27.836
2020-05-07 00:10:28,980317,980314,2020-05-07 00:10:28.105
2020-05-07 00:10:28,980317,980314,2020-05-07 00:10:28.476
2020-05-07 00:10:28,980317,980314,2020-05-07 00:10:28.782
2020-05-07 00:10:29,980317,980314,2020-05-07 00:10:29.037
2020-05-07 00:10:29,980317,980314,2020-05-07 00:10:29.294
2020-05-07 00:10:29,980317,980314,2020-05-07 00:10:29.559
2020-05-07 00:10:29,980317,980314,2020-05-07 00:10:29.836
2020-05-07 00:10:30,980317,980314,2020-05-07 00:10:30.103
2020-05-07 00:10:30,980317,980314,2020-05-07 00:10:30.613
2020-05-07 00:10:31,980317,980314,2020-05-07 00:10:31.712
2020-05-07 00:10:32,980317,980314,2020-05-07 00:10:32.006
2020-05-07 00:10:32,980317,980314,2020-05-07 00:10:32.326
2020-05-07 00:10:32,980333,980314,2020-05-07 00:10:32.642
2020-05-07 00:10:32,980365,980314,2020-05-07 00:10:32.942
2020-05-07 00:10:33,980365,980314,2020-05-07 00:10:33.221
2020-05-07 00:10:33,980368,980314,2020-05-07 00:10:33.572
2020-05-07 00:10:33,980368,980314,2020-05-07 00:10:33.985
2020-05-07 00:10:34,980146,980314,2020-05-07 00:10:34.516
2020-05-07 00:10:34,980146,980314,2020-05-07 00:10:34.788
2020-05-07 00:10:35,980094,980314,2020-05-07 00:10:35.239
2020-05-07 00:10:35,980157,980306,2020-05-07 00:10:35.493
2020-05-07 00:10:35,980157,980306,2020-05-07 00:10:35.754
2020-05-07 00:10:36,980157,980306,2020-05-07 00:10:36.015
2020-05-07 00:10:36,980157,980281,2020-05-07 00:10:36.393
2020-05-07 00:10:36,980157,980281,2020-05-07 00:10:36.830
2020-05-07 00:10:37,980157,980278,2020-05-07 00:10:37.102
2020-05-07 00:10:37,980157,980278,2020-05-07 00:10:37.372
2020-05-07 00:10:37,980157,980278,2020-05-07 00:10:37.643
2020-05-07 00:10:37,980157,980278,2020-05-07 00:10:37.933
2020-05-07 00:10:38,980157,980278,2020-05-07 00:10:38.229
2020-05-07 00:10:38,980157,980531,2020-05-07 00:10:38.677
2020-05-07 00:10:38,980286,980281,2020-05-07 00:10:38.958
2020-05-07 00:10:39,980286,980281,2020-05-07 00:10:39.323
2020-05-07 00:10:39,980286,980281,2020-05-07 00:10:39.608
2020-05-07 00:10:39,980286,980281,2020-05-07 00:10:39.884
2020-05-07 00:10:40,980286,980281,2020-05-07 00:10:40.177
2020-05-07 00:10:40,980286,980281,2020-05-07 00:10:40.492
2020-05-07 00:10:40,980286,980281,2020-05-07 00:10:40.753
2020-05-07 00:10:43,980286,980281,2020-05-07 00:10:43.079
2020-05-07 00:10:43,980286,980281,2020-05-07 00:10:43.341
2020-05-07 00:10:44,980286,980420,2020-05-07 00:10:44.102
2020-05-07 00:10:44,980286,980439,2020-05-07 00:10:44.821
2020-05-07 00:10:45,980286,980517,2020-05-07 00:10:45.126
2020-05-07 00:10:45,980286,980517,2020-05-07 00:10:45.457
2020-05-07 00:10:46,980286,980517,2020-05-07 00:10:46.153
2020-05-07 00:10:46,980286,980517,2020-05-07 00:10:46.455
2020-05-07 00:10:46,980286,980517,2020-05-07 00:10:46.779
2020-05-07 00:10:47,980286,980517,2020-05-07 00:10:47.107
2020-05-07 00:10:47,980286,980517,2020-05-07 00:10:47.382
2020-05-07 00:10:47,980286,980541,2020-05-07 00:10:47.669
2020-05-07 00:10:48,980286,980541,2020-05-07 00:10:48.019
2020-05-07 00:10:48,980286,980541,2020-05-07 00:10:48.923
2020-05-07 00:10:49,980286,980541,2020-05-07 00:10:49.185
2020-05-07 00:10:49,980286,980541,2020-05-07 00:10:49.458
2020-05-07 00:10:49,980286,980541,2020-05-07 00:10:49.717
2020-05-07 00:10:50,980286,980541,2020-05-07 00:10:49.997
2020-05-07 00:10:50,980286,980541,2020-05-07 00:10:50.265
2020-05-07 00:10:50,980329,980541,2020-05-07 00:10:50.834
2020-05-07 00:10:51,980563,980559,2020-05-07 00:10:51.123
2020-05-07 00:10:51,980563,980559,2020-05-07 00:10:51.397
2020-05-07 00:10:51,980563,980576,2020-05-07 00:10:51.694
2020-05-07 00:10:52,980657,980768,2020-05-07 00:10:52.817
2020-05-07 00:10:53,980563,980657,2020-05-07 00:10:53.094
2020-05-07 00:10:53,980563,980657,2020-05-07 00:10:53.391
2020-05-07 00:10:53,980563,980696,2020-05-07 00:10:53.812
2020-05-07 00:10:54,980563,980696,2020-05-07 00:10:54.104
2020-05-07 00:10:54,980563,980696,2020-05-07 00:10:54.380
2020-05-07 00:10:55,980563,980696,2020-05-07 00:10:55.128
2020-05-07 00:10:55,980563,980696,2020-05-07 00:10:55.599
2020-05-07 00:10:55,980711,980777,2020-05-07 00:10:55.868
2020-05-07 00:10:56,980784,980777,2020-05-07 00:10:56.123
2020-05-07 00:10:56,980784,980777,2020-05-07 00:10:56.401
2020-05-07 00:10:56,980785,980897,2020-05-07 00:10:56.678
2020-05-07 00:10:56,980785,980897,2020-05-07 00:10:56.940
2020-05-07 00:10:57,980785,980897,2020-05-07 00:10:57.232
2020-05-07 00:10:57,980785,980897,2020-05-07 00:10:57.794
2020-05-07 00:10:58,980785,980902,2020-05-07 00:10:58.061
2020-05-07 00:10:58,980785,980989,2020-05-07 00:10:58.330
2020-05-07 00:10:58,980785,980988,2020-05-07 00:10:58.726
2020-05-07 00:10:59,980972,981072,2020-05-07 00:10:58.983
2020-05-07 00:10:59,980996,981070,2020-05-07 00:10:59.991
2020-05-07 00:11:00,980996,981119,2020-05-07 00:11:00.248
2020-05-07 00:11:00,981070,981117,2020-05-07 00:11:00.504
2020-05-07 00:11:00,981070,981127,2020-05-07 00:11:00.772
2020-05-07 00:11:01,980996,981152,2020-05-07 00:11:01.097
2020-05-07 00:11:01,981079,981153,2020-05-07 00:11:01.380
2020-05-07 00:11:01,981174,981181,2020-05-07 00:11:01.687
2020-05-07 00:11:02,981186,981187,2020-05-07 00:11:02.420
2020-05-07 00:11:02,981186,981193,2020-05-07 00:11:02.682
2020-05-07 00:11:03,981215,981193,2020-05-07 00:11:03.384
2020-05-07 00:11:03,981215,981243,2020-05-07 00:11:03.665
2020-05-07 00:11:03,981251,981286,2020-05-07 00:11:03.935
2020-05-07 00:11:04,981253,981317,2020-05-07 00:11:04.414
2020-05-07 00:11:04,981253,981317,2020-05-07 00:11:04.722
2020-05-07 00:11:04,981253,981317,2020-05-07 00:11:04.992
2020-05-07 00:11:05,981359,981320,2020-05-07 00:11:05.309
2020-05-07 00:11:05,981359,981320,2020-05-07 00:11:05.826
2020-05-07 00:11:06,981359,981320,2020-05-07 00:11:06.148
2020-05-07 00:11:06,981359,981320,2020-05-07 00:11:06.427
2020-05-07 00:11:06,981359,981320,2020-05-07 00:11:06.683
2020-05-07 00:11:07,981359,981320,2020-05-07 00:11:07.326
2020-05-07 00:11:07,981359,981364,2020-05-07 00:11:07.651
2020-05-07 00:11:07,981260,981364,2020-05-07 00:11:07.935
2020-05-07 00:11:08,981260,981409,2020-05-07 00:11:08.218
2020-05-07 00:11:08,981260,981404,2020-05-07 00:11:08.484
2020-05-07 00:11:08,981281,981404,2020-05-07 00:11:08.823
2020-05-07 00:11:09,981409,981409,2020-05-07 00:11:09.113
2020-05-07 00:11:09,981409,981409,2020-05-07 00:11:09.376
2020-05-07 00:11:09,981409,981409,2020-05-07 00:11:09.648
2020-05-07 00:11:09,981409,981409,2020-05-07 00:11:09.949
2020-05-07 00:11:10,981478,981481,2020-05-07 00:11:10.238
2020-05-07 00:11:10,981266,981481,2020-05-07 00:11:10.585
2020-05-07 00:11:10,981278,981481,2020-05-07 00:11:10.868
2020-05-07 00:11:11,981278,981448,2020-05-07 00:11:11.139
2020-05-07 00:11:11,981299,981448,2020-05-07 00:11:11.518
2020-05-07 00:11:11,981299,981448,2020-05-07 00:11:11.776
2020-05-07 00:11:12,981321,981448,2020-05-07 00:11:12.291
2020-05-07 00:11:12,981321,981448,2020-05-07 00:11:12.759
2020-05-07 00:11:13,981340,981448,2020-05-07 00:11:13.427
2020-05-07 00:11:14,981340,981448,2020-05-07 00:11:14.079
2020-05-07 00:11:14,981340,981481,2020-05-07 00:11:14.362
2020-05-07 00:11:14,981448,981481,2020-05-07 00:11:14.646
2020-05-07 00:11:14,981454,981481,2020-05-07 00:11:14.919
2020-05-07 00:11:15,981454,981481,2020-05-07 00:11:15.275
2020-05-07 00:11:15,981460,981509,2020-05-07 00:11:15.593
2020-05-07 00:11:15,981510,981509,2020-05-07 00:11:15.912
2020-05-07 00:11:16,981510,981507,2020-05-07 00:11:16.180
2020-05-07 00:11:16,981510,981507,2020-05-07 00:11:16.457
2020-05-07 00:11:16,981510,981507,2020-05-07 00:11:16.740
2020-05-07 00:11:17,981510,981507,2020-05-07 00:11:17.019
2020-05-07 00:11:17,981510,981507,2020-05-07 00:11:17.422
2020-05-07 00:11:17,981510,981579,2020-05-07 00:11:17.692
2020-05-07 00:11:18,981601,981651,2020-05-07 00:11:18.013
2020-05-07 00:11:18,981601,981650,2020-05-07 00:11:18.280
2020-05-07 00:11:18,981601,981650,2020-05-07 00:11:18.556
2020-05-07 00:11:18,981601,981650,2020-05-07 00:11:18.837
2020-05-07 00:11:19,981601,981650,2020-05-07 00:11:19.215
2020-05-07 00:11:19,981601,981650,2020-05-07 00:11:19.492
2020-05-07 00:11:19,981601,981650,2020-05-07 00:11:19.764
2020-05-07 00:11:21,981601,981650,2020-05-07 00:11:21.184
2020-05-07 00:11:21,981601,981650,2020-05-07 00:11:21.504
2020-05-07 00:11:21,981601,981650,2020-05-07 00:11:21.821
2020-05-07 00:11:22,981449,981685,2020-05-07 00:11:22.147
2020-05-07 00:11:22,981449,981650,2020-05-07 00:11:22.427
2020-05-07 00:11:22,981449,981650,2020-05-07 00:11:22.705
2020-05-07 00:11:23,981449,981650,2020-05-07 00:11:23.098
2020-05-07 00:11:23,981449,981650,2020-05-07 00:11:23.368
2020-05-07 00:11:23,981449,981650,2020-05-07 00:11:23.641
2020-05-07 00:11:24,981449,981650,2020-05-07 00:11:24.102
2020-05-07 00:11:24,981468,981650,2020-05-07 00:11:24.381
2020-05-07 00:11:24,981468,981650,2020-05-07 00:11:24.816
2020-05-07 00:11:25,981468,981650,2020-05-07 00:11:25.145
2020-05-07 00:11:26,981468,981650,2020-05-07 00:11:26.005
2020-05-07 00:11:26,981468,981650,2020-05-07 00:11:26.290
2020-05-07 00:11:26,981517,981650,2020-05-07 00:11:26.588
2020-05-07 00:11:26,981517,981695,2020-05-07 00:11:26.926
2020-05-07 00:11:27,981517,981695,2020-05-07 00:11:27.190
2020-05-07 00:11:27,981517,981695,2020-05-07 00:11:27.696
2020-05-07 00:11:27,981517,981695,2020-05-07 00:11:27.952
2020-05-07 00:11:28,981517,981695,2020-05-07 00:11:28.291
2020-05-07 00:11:28,981517,981815,2020-05-07 00:11:28.571
2020-05-07 00:11:28,981521,981826,2020-05-07 00:11:28.884
2020-05-07 00:11:29,981521,981826,2020-05-07 00:11:29.163
2020-05-07 00:11:29,981521,981825,2020-05-07 00:11:29.881
2020-05-07 00:11:30,981552,981822,2020-05-07 00:11:30.196
2020-05-07 00:11:30,981552,981822,2020-05-07 00:11:30.558
2020-05-07 00:11:30,981552,981822,2020-05-07 00:11:30.814
2020-05-07 00:11:31,981552,981822,2020-05-07 00:11:31.278
2020-05-07 00:11:31,981552,981822,2020-05-07 00:11:31.871
2020-05-07 00:11:32,981552,981822,2020-05-07 00:11:32.679
2020-05-07 00:11:33,981552,981822,2020-05-07 00:11:33.270
2020-05-07 00:11:33,981552,981801,2020-05-07 00:11:33.641
2020-05-07 00:11:33,981552,981801,2020-05-07 00:11:33.901
2020-05-07 00:11:34,981552,981801,2020-05-07 00:11:34.179
2020-05-07 00:11:34,981552,981801,2020-05-07 00:11:34.497
2020-05-07 00:11:34,981552,981801,2020-05-07 00:11:34.768
2020-05-07 00:11:35,981552,981801,2020-05-07 00:11:35.054
2020-05-07 00:11:35,981552,981801,2020-05-07 00:11:35.325
2020-05-07 00:11:35,981552,981801,2020-05-07 00:11:35.615
2020-05-07 00:11:35,981552,981801,2020-05-07 00:11:35.983
2020-05-07 00:11:36,981552,981801,2020-05-07 00:11:36.314
2020-05-07 00:11:36,981552,981801,2020-05-07 00:11:36.579
2020-05-07 00:11:36,981552,981801,2020-05-07 00:11:36.846
2020-05-07 00:11:37,981552,981801,2020-05-07 00:11:37.143
2020-05-07 00:11:37,981552,981801,2020-05-07 00:11:37.751
2020-05-07 00:11:38,981552,981801,2020-05-07 00:11:38.462
2020-05-07 00:11:38,981485,981785,2020-05-07 00:11:38.753
2020-05-07 00:11:39,981472,981472,2020-05-07 00:11:39.017
2020-05-07 00:11:39,981472,981472,2020-05-07 00:11:39.335
2020-05-07 00:11:39,981297,981472,2020-05-07 00:11:39.625
2020-05-07 00:11:39,981309,981472,2020-05-07 00:11:39.988
2020-05-07 00:11:40,981309,981472,2020-05-07 00:11:40.247
2020-05-07 00:11:40,981297,981472,2020-05-07 00:11:40.499
2020-05-07 00:11:40,981201,981472,2020-05-07 00:11:40.771
2020-05-07 00:11:41,981201,981472,2020-05-07 00:11:41.028
2020-05-07 00:11:41,981167,981448,2020-05-07 00:11:41.562
2020-05-07 00:11:41,980988,981448,2020-05-07 00:11:41.845
2020-05-07 00:11:42,980989,981279,2020-05-07 00:11:42.122
2020-05-07 00:11:42,981073,981276,2020-05-07 00:11:42.388
2020-05-07 00:11:42,981073,981186,2020-05-07 00:11:42.646
2020-05-07 00:11:42,981073,981186,2020-05-07 00:11:42.930
2020-05-07 00:11:43,981073,981147,2020-05-07 00:11:43.247
2020-05-07 00:11:43,981073,981147,2020-05-07 00:11:43.584
2020-05-07 00:11:44,981073,981144,2020-05-07 00:11:44.198
2020-05-07 00:11:44,980983,981144,2020-05-07 00:11:44.491
2020-05-07 00:11:44,980983,981144,2020-05-07 00:11:44.966
2020-05-07 00:11:45,980983,981144,2020-05-07 00:11:45.230
2020-05-07 00:11:45,980983,981144,2020-05-07 00:11:45.491
2020-05-07 00:11:45,980983,981144,2020-05-07 00:11:45.775
2020-05-07 00:11:46,980983,981144,2020-05-07 00:11:46.080
2020-05-07 00:11:46,980983,981144,2020-05-07 00:11:46.391
2020-05-07 00:11:47,980983,981088,2020-05-07 00:11:47.835
2020-05-07 00:11:48,980946,981088,2020-05-07 00:11:48.104
2020-05-07 00:11:48,980946,981088,2020-05-07 00:11:48.378
2020-05-07 00:11:48,980917,981088,2020-05-07 00:11:48.646
2020-05-07 00:11:48,980917,981088,2020-05-07 00:11:48.931
2020-05-07 00:11:49,980922,981088,2020-05-07 00:11:49.307
2020-05-07 00:11:49,980922,981067,2020-05-07 00:11:49.591
2020-05-07 00:11:49,980922,981067,2020-05-07 00:11:49.854
2020-05-07 00:11:50,980922,981067,2020-05-07 00:11:50.135
2020-05-07 00:11:50,980922,981067,2020-05-07 00:11:50.434
2020-05-07 00:11:50,980922,981067,2020-05-07 00:11:50.832
2020-05-07 00:11:51,980922,981067,2020-05-07 00:11:51.222
2020-05-07 00:11:51,980922,981067,2020-05-07 00:11:51.485
2020-05-07 00:11:51,980922,981067,2020-05-07 00:11:51.742
2020-05-07 00:11:52,980922,981067,2020-05-07 00:11:52.136
2020-05-07 00:11:52,980922,981067,2020-05-07 00:11:52.412
2020-05-07 00:11:52,980922,981067,2020-05-07 00:11:52.857
2020-05-07 00:11:53,980922,981067,2020-05-07 00:11:53.209
2020-05-07 00:11:53,980917,981048,2020-05-07 00:11:53.511
2020-05-07 00:11:53,980917,981048,2020-05-07 00:11:53.834
2020-05-07 00:11:54,980917,981048,2020-05-07 00:11:54.091
2020-05-07 00:11:55,980917,981033,2020-05-07 00:11:55.176
2020-05-07 00:11:55,980917,981030,2020-05-07 00:11:55.579
2020-05-07 00:11:55,980917,981030,2020-05-07 00:11:55.997
2020-05-07 00:11:56,980917,981030,2020-05-07 00:11:56.253
2020-05-07 00:11:56,980917,981030,2020-05-07 00:11:56.640
2020-05-07 00:11:56,980917,980999,2020-05-07 00:11:56.943
2020-05-07 00:11:57,980917,980999,2020-05-07 00:11:57.229
2020-05-07 00:11:57,980917,980999,2020-05-07 00:11:57.525
2020-05-07 00:11:57,980917,981030,2020-05-07 00:11:57.810
2020-05-07 00:11:58,981004,981030,2020-05-07 00:11:58.119
2020-05-07 00:11:58,980917,980989,2020-05-07 00:11:58.388
2020-05-07 00:11:58,980917,980989,2020-05-07 00:11:58.653
2020-05-07 00:11:58,980917,981067,2020-05-07 00:11:58.977
2020-05-07 00:11:59,980917,981067,2020-05-07 00:11:59.236
2020-05-07 00:11:59,980917,981067,2020-05-07 00:11:59.548
2020-05-07 00:12:00,980917,981067,2020-05-07 00:12:00.068
2020-05-07 00:12:00,980917,981067,2020-05-07 00:12:00.368
2020-05-07 00:12:00,980917,981067,2020-05-07 00:12:00.629
2020-05-07 00:12:00,980917,981067,2020-05-07 00:12:00.900
2020-05-07 00:12:01,980917,981067,2020-05-07 00:12:01.820
2020-05-07 00:12:02,980917,981067,2020-05-07 00:12:02.088
2020-05-07 00:12:02,980917,981067,2020-05-07 00:12:02.461
2020-05-07 00:12:02,980917,981067,2020-05-07 00:12:02.732
2020-05-07 00:12:03,980830,981067,2020-05-07 00:12:03.004
2020-05-07 00:12:03,980830,981067,2020-05-07 00:12:03.583
2020-05-07 00:12:03,980830,981067,2020-05-07 00:12:03.891
2020-05-07 00:12:04,980830,981067,2020-05-07 00:12:04.188
2020-05-07 00:12:04,980880,981067,2020-05-07 00:12:04.492
2020-05-07 00:12:04,980880,981067,2020-05-07 00:12:04.801
2020-05-07 00:12:05,980835,980903,2020-05-07 00:12:05.829
2020-05-07 00:12:06,980756,980900,2020-05-07 00:12:06.097
2020-05-07 00:12:06,980725,980900,2020-05-07 00:12:06.368
2020-05-07 00:12:06,980725,980900,2020-05-07 00:12:06.775
2020-05-07 00:12:07,980719,980900,2020-05-07 00:12:07.577
2020-05-07 00:12:08,980718,980900,2020-05-07 00:12:08.139
2020-05-07 00:12:08,980718,980900,2020-05-07 00:12:08.411
2020-05-07 00:12:08,980605,980880,2020-05-07 00:12:08.693
2020-05-07 00:12:09,980599,980611,2020-05-07 00:12:09.071
2020-05-07 00:12:09,980599,980611,2020-05-07 00:12:09.379
2020-05-07 00:12:09,980599,980611,2020-05-07 00:12:09.721
2020-05-07 00:12:09,980599,980611,2020-05-07 00:12:09.977
2020-05-07 00:12:10,980599,980611,2020-05-07 00:12:10.252
2020-05-07 00:12:10,980599,980611,2020-05-07 00:12:10.577
2020-05-07 00:12:10,980599,980611,2020-05-07 00:12:10.849
2020-05-07 00:12:11,980599,980611,2020-05-07 00:12:11.111
2020-05-07 00:12:11,980599,980611,2020-05-07 00:12:11.414
2020-05-07 00:12:11,980599,980611,2020-05-07 00:12:11.859
2020-05-07 00:12:12,980604,980611,2020-05-07 00:12:12.117
2020-05-07 00:12:12,980604,980611,2020-05-07 00:12:12.780
2020-05-07 00:12:13,980852,980972,2020-05-07 00:12:13.043
2020-05-07 00:12:13,980918,980972,2020-05-07 00:12:13.366
2020-05-07 00:12:13,980644,980906,2020-05-07 00:12:13.641
2020-05-07 00:12:13,980648,980906,2020-05-07 00:12:13.920
2020-05-07 00:12:14,980648,980906,2020-05-07 00:12:14.204
2020-05-07 00:12:14,980648,980906,2020-05-07 00:12:14.718
2020-05-07 00:12:15,980689,980906,2020-05-07 00:12:15.030
2020-05-07 00:12:15,980724,981019,2020-05-07 00:12:15.454
2020-05-07 00:12:15,981019,981023,2020-05-07 00:12:15.726
2020-05-07 00:12:16,981019,981049,2020-05-07 00:12:16.110
2020-05-07 00:12:16,981054,981067,2020-05-07 00:12:16.370
2020-05-07 00:12:16,981066,981061,2020-05-07 00:12:16.633
2020-05-07 00:12:16,981066,981083,2020-05-07 00:12:16.983
2020-05-07 00:12:17,981083,981083,2020-05-07 00:12:17.289
2020-05-07 00:12:17,981083,981083,2020-05-07 00:12:17.571
2020-05-07 00:12:17,981083,981083,2020-05-07 00:12:17.860
2020-05-07 00:12:18,981083,981093,2020-05-07 00:12:18.152
2020-05-07 00:12:18,981083,981093,2020-05-07 00:12:18.441
2020-05-07 00:12:19,981083,981093,2020-05-07 00:12:19.553
2020-05-07 00:12:20,981112,981110,2020-05-07 00:12:20.515
2020-05-07 00:12:21,981112,981110,2020-05-07 00:12:21.246
2020-05-07 00:12:21,981112,981191,2020-05-07 00:12:21.861
2020-05-07 00:12:22,981112,981250,2020-05-07 00:12:22.209
2020-05-07 00:12:22,981112,981250,2020-05-07 00:12:22.847
2020-05-07 00:12:23,981112,981250,2020-05-07 00:12:23.960
2020-05-07 00:12:24,981112,981250,2020-05-07 00:12:24.234
2020-05-07 00:12:24,981112,981250,2020-05-07 00:12:24.558
2020-05-07 00:12:24,981247,981250,2020-05-07 00:12:24.843
2020-05-07 00:12:25,981247,981250,2020-05-07 00:12:25.177
2020-05-07 00:12:25,981247,981250,2020-05-07 00:12:25.468
2020-05-07 00:12:26,981247,981250,2020-05-07 00:12:26.197
2020-05-07 00:12:26,981247,981250,2020-05-07 00:12:26.461
2020-05-07 00:12:26,981247,981310,2020-05-07 00:12:26.755
2020-05-07 00:12:27,981247,981381,2020-05-07 00:12:27.013
2020-05-07 00:12:27,981247,981380,2020-05-07 00:12:27.725
2020-05-07 00:12:28,981247,981380,2020-05-07 00:12:28.203
2020-05-07 00:12:28,981054,981057,2020-05-07 00:12:28.472
2020-05-07 00:12:28,981054,981057,2020-05-07 00:12:28.790
2020-05-07 00:12:29,981054,981057,2020-05-07 00:12:29.186
2020-05-07 00:12:29,981054,981056,2020-05-07 00:12:29.486
2020-05-07 00:12:30,981054,981056,2020-05-07 00:12:30.183
2020-05-07 00:12:30,981054,981381,2020-05-07 00:12:30.463
2020-05-07 00:12:30,981054,981543,2020-05-07 00:12:30.762
2020-05-07 00:12:31,981125,981543,2020-05-07 00:12:31.019
2020-05-07 00:12:31,981125,981543,2020-05-07 00:12:31.449
2020-05-07 00:12:31,981125,981543,2020-05-07 00:12:31.716
2020-05-07 00:12:32,981125,981543,2020-05-07 00:12:32.005
2020-05-07 00:12:32,981478,981543,2020-05-07 00:12:32.326
2020-05-07 00:12:32,981478,981543,2020-05-07 00:12:32.718
2020-05-07 00:12:32,981129,981473,2020-05-07 00:12:32.990
2020-05-07 00:12:33,981129,981473,2020-05-07 00:12:33.264
2020-05-07 00:12:33,981139,981473,2020-05-07 00:12:33.989
2020-05-07 00:12:34,981105,981473,2020-05-07 00:12:34.258
2020-05-07 00:12:34,981105,981402,2020-05-07 00:12:34.923
2020-05-07 00:12:35,981105,981402,2020-05-07 00:12:35.681
2020-05-07 00:12:35,981105,981402,2020-05-07 00:12:35.947
2020-05-07 00:12:36,981109,981402,2020-05-07 00:12:36.219
2020-05-07 00:12:36,981109,981402,2020-05-07 00:12:36.507
2020-05-07 00:12:36,981109,981402,2020-05-07 00:12:36.846
2020-05-07 00:12:37,981057,981057,2020-05-07 00:12:37.102
2020-05-07 00:12:37,981138,981461,2020-05-07 00:12:37.361
2020-05-07 00:12:37,981390,981487,2020-05-07 00:12:37.844
2020-05-07 00:12:38,981390,981477,2020-05-07 00:12:38.098
2020-05-07 00:12:38,981390,981477,2020-05-07 00:12:38.598
2020-05-07 00:12:38,981390,981477,2020-05-07 00:12:38.972
2020-05-07 00:12:39,981390,981477,2020-05-07 00:12:39.230
2020-05-07 00:12:39,981390,981477,2020-05-07 00:12:39.488
2020-05-07 00:12:39,981390,981477,2020-05-07 00:12:39.785
2020-05-07 00:12:40,981390,981477,2020-05-07 00:12:40.119
2020-05-07 00:12:40,981146,981154,2020-05-07 00:12:40.411
2020-05-07 00:12:40,981146,981154,2020-05-07 00:12:40.678
2020-05-07 00:12:40,981146,981497,2020-05-07 00:12:40.939
2020-05-07 00:12:41,981226,981497,2020-05-07 00:12:41.202
2020-05-07 00:12:41,981226,981497,2020-05-07 00:12:41.458
2020-05-07 00:12:41,981226,981497,2020-05-07 00:12:41.804
2020-05-07 00:12:42,981226,981497,2020-05-07 00:12:42.494
2020-05-07 00:12:42,981125,981377,2020-05-07 00:12:42.762
2020-05-07 00:12:43,981125,981377,2020-05-07 00:12:43.210
2020-05-07 00:12:43,981125,981377,2020-05-07 00:12:43.564
2020-05-07 00:12:43,981125,981377,2020-05-07 00:12:43.853
2020-05-07 00:12:44,981125,981635,2020-05-07 00:12:44.128
2020-05-07 00:12:44,981220,981635,2020-05-07 00:12:44.416
2020-05-07 00:12:44,981220,981635,2020-05-07 00:12:44.723
2020-05-07 00:12:45,981456,981635,2020-05-07 00:12:45.251
2020-05-07 00:12:45,981456,981635,2020-05-07 00:12:45.518
2020-05-07 00:12:45,981220,981635,2020-05-07 00:12:45.820
2020-05-07 00:12:46,981473,981451,2020-05-07 00:12:46.111
2020-05-07 00:12:46,981473,981451,2020-05-07 00:12:46.407
2020-05-07 00:12:46,981220,981451,2020-05-07 00:12:46.708
2020-05-07 00:12:46,981220,981451,2020-05-07 00:12:46.983
2020-05-07 00:12:47,981220,981451,2020-05-07 00:12:47.302
2020-05-07 00:12:47,981220,981451,2020-05-07 00:12:47.570
2020-05-07 00:12:47,981220,981451,2020-05-07 00:12:47.828
2020-05-07 00:12:48,981220,981451,2020-05-07 00:12:48.104
2020-05-07 00:12:48,981220,981451,2020-05-07 00:12:48.696
2020-05-07 00:12:48,981220,981451,2020-05-07 00:12:48.965
2020-05-07 00:12:49,981220,981451,2020-05-07 00:12:49.233
2020-05-07 00:12:49,981220,981451,2020-05-07 00:12:49.510
2020-05-07 00:12:49,981220,981451,2020-05-07 00:12:49.825
2020-05-07 00:12:50,981220,981631,2020-05-07 00:12:50.100
2020-05-07 00:12:50,981220,981339,2020-05-07 00:12:50.707
2020-05-07 00:12:51,981220,981339,2020-05-07 00:12:51.018
2020-05-07 00:12:51,981220,981339,2020-05-07 00:12:51.321
2020-05-07 00:12:51,981271,981339,2020-05-07 00:12:51.608
2020-05-07 00:12:52,981271,981339,2020-05-07 00:12:52.514
2020-05-07 00:12:52,981321,981339,2020-05-07 00:12:52.777
2020-05-07 00:12:53,981321,981339,2020-05-07 00:12:53.048
2020-05-07 00:12:53,981321,981339,2020-05-07 00:12:53.382
2020-05-07 00:12:53,981321,981339,2020-05-07 00:12:53.656
2020-05-07 00:12:53,981321,981601,2020-05-07 00:12:53.921
2020-05-07 00:12:54,981653,981743,2020-05-07 00:12:54.249
2020-05-07 00:12:54,981653,981792,2020-05-07 00:12:54.544
2020-05-07 00:12:54,981741,981765,2020-05-07 00:12:54.831
2020-05-07 00:12:55,981615,981790,2020-05-07 00:12:55.109
2020-05-07 00:12:55,981809,981810,2020-05-07 00:12:55.382
2020-05-07 00:12:55,981809,981810,2020-05-07 00:12:55.678
2020-05-07 00:12:55,981809,981869,2020-05-07 00:12:55.945
2020-05-07 00:12:56,981809,981869,2020-05-07 00:12:56.208
2020-05-07 00:12:56,981709,981869,2020-05-07 00:12:56.549
2020-05-07 00:12:56,981709,981869,2020-05-07 00:12:56.852
2020-05-07 00:12:57,981709,981874,2020-05-07 00:12:57.112
2020-05-07 00:12:57,981709,981901,2020-05-07 00:12:57.392
2020-05-07 00:12:57,981903,981907,2020-05-07 00:12:57.779
2020-05-07 00:12:58,981903,982096,2020-05-07 00:12:58.040
2020-05-07 00:12:58,981903,982219,2020-05-07 00:12:58.306
2020-05-07 00:12:58,981936,982258,2020-05-07 00:12:58.605
2020-05-07 00:12:58,981986,982043,2020-05-07 00:12:58.871
2020-05-07 00:12:59,981945,982258,2020-05-07 00:12:59.155
2020-05-07 00:12:59,981945,982258,2020-05-07 00:12:59.549
2020-05-07 00:12:59,982011,982375,2020-05-07 00:12:59.816
2020-05-07 00:13:00,982011,982320,2020-05-07 00:13:00.079
2020-05-07 00:13:00,982014,982375,2020-05-07 00:13:00.354
2020-05-07 00:13:00,982320,982375,2020-05-07 00:13:00.675
2020-05-07 00:13:00,982395,982468,2020-05-07 00:13:00.947
2020-05-07 00:13:01,982454,982484,2020-05-07 00:13:01.410
2020-05-07 00:13:01,982491,982315,2020-05-07 00:13:01.867
2020-05-07 00:13:02,982508,982315,2020-05-07 00:13:02.167
2020-05-07 00:13:02,982553,982612,2020-05-07 00:13:02.441
2020-05-07 00:13:02,982553,982705,2020-05-07 00:13:02.712
2020-05-07 00:13:02,982553,982707,2020-05-07 00:13:02.966
2020-05-07 00:13:03,982300,982707,2020-05-07 00:13:03.228
2020-05-07 00:13:03,982300,982909,2020-05-07 00:13:03.498
2020-05-07 00:13:03,982651,982925,2020-05-07 00:13:03.758
2020-05-07 00:13:04,982651,982977,2020-05-07 00:13:04.215
2020-05-07 00:13:04,982925,983029,2020-05-07 00:13:04.477
2020-05-07 00:13:04,982925,983365,2020-05-07 00:13:04.742
2020-05-07 00:13:05,982953,983366,2020-05-07 00:13:05.682
2020-05-07 00:13:05,982957,983418,2020-05-07 00:13:05.957
2020-05-07 00:13:06,983077,983418,2020-05-07 00:13:06.362
2020-05-07 00:13:06,982855,983418,2020-05-07 00:13:06.944
2020-05-07 00:13:07,982858,982855,2020-05-07 00:13:07.206
2020-05-07 00:13:07,982858,982959,2020-05-07 00:13:07.525
2020-05-07 00:13:07,982858,982959,2020-05-07 00:13:07.796
2020-05-07 00:13:08,982959,982959,2020-05-07 00:13:08.061
2020-05-07 00:13:08,982977,983077,2020-05-07 00:13:08.323
2020-05-07 00:13:08,982964,982977,2020-05-07 00:13:08.626
2020-05-07 00:13:08,982891,982964,2020-05-07 00:13:08.948
2020-05-07 00:13:09,982891,982964,2020-05-07 00:13:09.308
2020-05-07 00:13:09,982715,983077,2020-05-07 00:13:09.563
2020-05-07 00:13:09,983065,983010,2020-05-07 00:13:09.818
2020-05-07 00:13:10,982711,983010,2020-05-07 00:13:10.080
2020-05-07 00:13:10,982768,983010,2020-05-07 00:13:10.362
2020-05-07 00:13:10,982768,983013,2020-05-07 00:13:10.676
2020-05-07 00:13:11,982715,983036,2020-05-07 00:13:11.493
2020-05-07 00:13:11,982715,982717,2020-05-07 00:13:11.907
2020-05-07 00:13:12,982823,982717,2020-05-07 00:13:12.159
2020-05-07 00:13:12,982847,982717,2020-05-07 00:13:12.438
2020-05-07 00:13:12,982847,982717,2020-05-07 00:13:12.963
2020-05-07 00:13:13,982850,982965,2020-05-07 00:13:13.222
2020-05-07 00:13:13,982850,983232,2020-05-07 00:13:13.494
2020-05-07 00:13:13,983092,983438,2020-05-07 00:13:13.748
2020-05-07 00:13:14,983092,983456,2020-05-07 00:13:14.020
2020-05-07 00:13:14,983092,983092,2020-05-07 00:13:14.359
2020-05-07 00:13:14,983092,983092,2020-05-07 00:13:14.643
2020-05-07 00:13:14,983122,983092,2020-05-07 00:13:14.907
2020-05-07 00:13:15,983122,983092,2020-05-07 00:13:15.186
2020-05-07 00:13:15,982870,983092,2020-05-07 00:13:15.491
2020-05-07 00:13:15,982870,983022,2020-05-07 00:13:15.791
2020-05-07 00:13:16,983183,983190,2020-05-07 00:13:16.139
2020-05-07 00:13:16,983211,983190,2020-05-07 00:13:16.430
2020-05-07 00:13:17,983211,983190,2020-05-07 00:13:17.361
2020-05-07 00:13:17,983211,983190,2020-05-07 00:13:17.681
2020-05-07 00:13:18,983211,983190,2020-05-07 00:13:18.044
2020-05-07 00:13:18,983211,983190,2020-05-07 00:13:18.308
2020-05-07 00:13:18,982844,983190,2020-05-07 00:13:18.579
2020-05-07 00:13:18,982845,983120,2020-05-07 00:13:18.906
2020-05-07 00:13:19,982838,983120,2020-05-07 00:13:19.211
2020-05-07 00:13:19,982838,983111,2020-05-07 00:13:19.530
2020-05-07 00:13:20,982807,982833,2020-05-07 00:13:20.379
2020-05-07 00:13:20,982807,983262,2020-05-07 00:13:20.701
2020-05-07 00:13:21,982944,983111,2020-05-07 00:13:21.039
2020-05-07 00:13:21,982944,983111,2020-05-07 00:13:21.337
2020-05-07 00:13:21,982944,983111,2020-05-07 00:13:21.761
2020-05-07 00:13:22,982807,983111,2020-05-07 00:13:22.029
2020-05-07 00:13:22,982807,983111,2020-05-07 00:13:22.317
2020-05-07 00:13:22,982807,983111,2020-05-07 00:13:22.568
2020-05-07 00:13:22,982807,983111,2020-05-07 00:13:22.841
2020-05-07 00:13:23,982807,983111,2020-05-07 00:13:23.240
2020-05-07 00:13:23,982922,983111,2020-05-07 00:13:23.880
2020-05-07 00:13:24,982922,983111,2020-05-07 00:13:24.347
2020-05-07 00:13:24,982923,983111,2020-05-07 00:13:24.630
2020-05-07 00:13:25,982994,982956,2020-05-07 00:13:24.975
2020-05-07 00:13:25,982994,982956,2020-05-07 00:13:25.304
2020-05-07 00:13:25,982994,982956,2020-05-07 00:13:25.565
2020-05-07 00:13:25,982793,982956,2020-05-07 00:13:25.852
2020-05-07 00:13:26,982793,982956,2020-05-07 00:13:26.113
2020-05-07 00:13:26,982694,982819,2020-05-07 00:13:26.380
2020-05-07 00:13:27,982693,982819,2020-05-07 00:13:26.989
2020-05-07 00:13:27,982642,982819,2020-05-07 00:13:27.263
2020-05-07 00:13:27,982920,982956,2020-05-07 00:13:27.597
2020-05-07 00:13:27,982920,982956,2020-05-07 00:13:27.905
2020-05-07 00:13:28,982920,982909,2020-05-07 00:13:28.186
2020-05-07 00:13:28,982920,982956,2020-05-07 00:13:28.457
2020-05-07 00:13:28,982920,982909,2020-05-07 00:13:28.770
2020-05-07 00:13:29,982920,982909,2020-05-07 00:13:29.031
2020-05-07 00:13:29,982924,983111,2020-05-07 00:13:29.307
2020-05-07 00:13:29,983094,983111,2020-05-07 00:13:29.590
2020-05-07 00:13:29,983094,983111,2020-05-07 00:13:29.849
2020-05-07 00:13:30,982986,983158,2020-05-07 00:13:30.125
2020-05-07 00:13:30,982987,983163,2020-05-07 00:13:30.412
2020-05-07 00:13:30,983200,983209,2020-05-07 00:13:30.668
2020-05-07 00:13:31,983200,983262,2020-05-07 00:13:31.402
2020-05-07 00:13:31,983200,983262,2020-05-07 00:13:31.665
2020-05-07 00:13:31,983200,983262,2020-05-07 00:13:31.932
2020-05-07 00:13:32,983200,983342,2020-05-07 00:13:32.197
2020-05-07 00:13:32,983200,983451,2020-05-07 00:13:32.519
2020-05-07 00:13:32,983467,983496,2020-05-07 00:13:32.785
2020-05-07 00:13:33,983495,983533,2020-05-07 00:13:33.048
2020-05-07 00:13:33,983378,983533,2020-05-07 00:13:33.329
2020-05-07 00:13:33,983404,983417,2020-05-07 00:13:33.588
2020-05-07 00:13:33,983562,983570,2020-05-07 00:13:33.867
2020-05-07 00:13:34,983562,983570,2020-05-07 00:13:34.151
2020-05-07 00:13:34,983548,983570,2020-05-07 00:13:34.456
2020-05-07 00:13:34,983556,983562,2020-05-07 00:13:34.715
2020-05-07 00:13:35,983506,983562,2020-05-07 00:13:35.110
2020-05-07 00:13:35,983506,983562,2020-05-07 00:13:35.380
2020-05-07 00:13:35,983448,983506,2020-05-07 00:13:35.671
2020-05-07 00:13:35,983448,983506,2020-05-07 00:13:35.927
2020-05-07 00:13:36,983448,983419,2020-05-07 00:13:36.661
2020-05-07 00:13:37,983448,983419,2020-05-07 00:13:37.003
2020-05-07 00:13:37,983315,983419,2020-05-07 00:13:37.262
2020-05-07 00:13:37,983570,983593,2020-05-07 00:13:37.555
2020-05-07 00:13:37,983374,983604,2020-05-07 00:13:37.813
2020-05-07 00:13:38,983358,983604,2020-05-07 00:13:38.350
2020-05-07 00:13:39,983315,983604,2020-05-07 00:13:39.535
2020-05-07 00:13:39,983587,983766,2020-05-07 00:13:39.803
2020-05-07 00:13:40,983587,983776,2020-05-07 00:13:40.076
2020-05-07 00:13:40,983587,983776,2020-05-07 00:13:40.504
2020-05-07 00:13:40,983305,983776,2020-05-07 00:13:40.788
2020-05-07 00:13:41,983303,983776,2020-05-07 00:13:41.051
2020-05-07 00:13:41,983275,983471,2020-05-07 00:13:41.311
2020-05-07 00:13:41,983275,983441,2020-05-07 00:13:41.576
2020-05-07 00:13:41,983276,983441,2020-05-07 00:13:41.870
2020-05-07 00:13:42,983276,983441,2020-05-07 00:13:42.132
2020-05-07 00:13:42,983282,983441,2020-05-07 00:13:42.449
2020-05-07 00:13:42,983589,983878,2020-05-07 00:13:42.734
2020-05-07 00:13:43,983328,983876,2020-05-07 00:13:43.190
2020-05-07 00:13:43,983290,983794,2020-05-07 00:13:43.481
2020-05-07 00:13:43,983296,983767,2020-05-07 00:13:43.741
2020-05-07 00:13:44,983450,983767,2020-05-07 00:13:44.000
2020-05-07 00:13:44,983450,983767,2020-05-07 00:13:44.265
2020-05-07 00:13:44,983634,983703,2020-05-07 00:13:44.549
2020-05-07 00:13:44,983634,983703,2020-05-07 00:13:44.823
2020-05-07 00:13:45,983634,983896,2020-05-07 00:13:45.697
2020-05-07 00:13:45,983535,983634,2020-05-07 00:13:45.996
2020-05-07 00:13:46,983535,983896,2020-05-07 00:13:46.306
2020-05-07 00:13:46,983536,983896,2020-05-07 00:13:46.568
2020-05-07 00:13:46,983537,983896,2020-05-07 00:13:46.835
2020-05-07 00:13:47,983536,983896,2020-05-07 00:13:47.129
2020-05-07 00:13:47,983566,983896,2020-05-07 00:13:47.391
2020-05-07 00:13:47,983566,983896,2020-05-07 00:13:47.867
2020-05-07 00:13:48,983567,983896,2020-05-07 00:13:48.187
2020-05-07 00:13:48,983567,983896,2020-05-07 00:13:48.610
2020-05-07 00:13:48,983567,983896,2020-05-07 00:13:48.907
2020-05-07 00:13:49,983568,983896,2020-05-07 00:13:49.235
2020-05-07 00:13:49,983578,983896,2020-05-07 00:13:49.502
2020-05-07 00:13:49,983578,983896,2020-05-07 00:13:49.849
2020-05-07 00:13:50,983578,983896,2020-05-07 00:13:50.109
2020-05-07 00:13:50,983578,983896,2020-05-07 00:13:50.383
2020-05-07 00:13:50,983579,983896,2020-05-07 00:13:50.638
2020-05-07 00:13:50,983896,983977,2020-05-07 00:13:50.905
2020-05-07 00:13:51,983977,983978,2020-05-07 00:13:51.179
2020-05-07 00:13:51,983977,983978,2020-05-07 00:13:51.492
2020-05-07 00:13:51,983977,983978,2020-05-07 00:13:51.794
2020-05-07 00:13:52,983977,983991,2020-05-07 00:13:52.074
2020-05-07 00:13:52,984020,984356,2020-05-07 00:13:52.680
2020-05-07 00:13:52,984020,984242,2020-05-07 00:13:52.940
2020-05-07 00:13:53,984020,984668,2020-05-07 00:13:53.211
2020-05-07 00:13:53,984020,984667,2020-05-07 00:13:53.733
2020-05-07 00:13:54,984553,984877,2020-05-07 00:13:54.393
2020-05-07 00:13:54,984296,984391,2020-05-07 00:13:54.661
2020-05-07 00:13:54,984407,984877,2020-05-07 00:13:54.966
2020-05-07 00:13:55,984407,984817,2020-05-07 00:13:55.551
2020-05-07 00:13:55,984407,984771,2020-05-07 00:13:55.806
2020-05-07 00:13:56,984411,984771,2020-05-07 00:13:56.084
2020-05-07 00:13:56,984411,984771,2020-05-07 00:13:56.386
2020-05-07 00:13:56,984412,984735,2020-05-07 00:13:56.666
2020-05-07 00:13:57,984412,984735,2020-05-07 00:13:57.030
2020-05-07 00:13:57,984412,984705,2020-05-07 00:13:57.308
2020-05-07 00:13:57,984500,984705,2020-05-07 00:13:57.645
2020-05-07 00:13:57,984500,984859,2020-05-07 00:13:57.914
2020-05-07 00:13:58,984581,984872,2020-05-07 00:13:58.198
2020-05-07 00:13:58,984581,984859,2020-05-07 00:13:58.837
2020-05-07 00:13:59,984581,984859,2020-05-07 00:13:59.149
2020-05-07 00:13:59,984581,984872,2020-05-07 00:13:59.477
2020-05-07 00:13:59,984581,984871,2020-05-07 00:13:59.755
2020-05-07 00:14:00,984500,984866,2020-05-07 00:14:00.025
2020-05-07 00:14:00,984500,984896,2020-05-07 00:14:00.282
2020-05-07 00:14:01,984600,984866,2020-05-07 00:14:00.579
2020-05-07 00:14:01,984494,984578,2020-05-07 00:14:01.615
2020-05-07 00:14:02,984494,984984,2020-05-07 00:14:02.046
2020-05-07 00:14:02,984494,985000,2020-05-07 00:14:02.308
2020-05-07 00:14:02,984578,985000,2020-05-07 00:14:02.604
2020-05-07 00:14:02,984620,985000,2020-05-07 00:14:02.876
2020-05-07 00:14:03,984620,985000,2020-05-07 00:14:03.143
2020-05-07 00:14:03,984620,985000,2020-05-07 00:14:03.629
2020-05-07 00:14:04,984590,985000,2020-05-07 00:14:04.029
2020-05-07 00:14:04,984590,985000,2020-05-07 00:14:04.532
2020-05-07 00:14:04,984506,985000,2020-05-07 00:14:04.835
2020-05-07 00:14:05,984744,985000,2020-05-07 00:14:05.117
2020-05-07 00:14:05,984744,985000,2020-05-07 00:14:05.391
2020-05-07 00:14:05,984744,985067,2020-05-07 00:14:05.697
2020-05-07 00:14:05,984692,985067,2020-05-07 00:14:05.951
2020-05-07 00:14:06,984595,985081,2020-05-07 00:14:06.264
2020-05-07 00:14:07,985067,985081,2020-05-07 00:14:07.009
2020-05-07 00:14:07,985067,985081,2020-05-07 00:14:07.407
2020-05-07 00:14:07,985067,985247,2020-05-07 00:14:07.691
2020-05-07 00:14:08,985067,985338,2020-05-07 00:14:07.959
2020-05-07 00:14:08,985067,985318,2020-05-07 00:14:08.456
2020-05-07 00:14:08,985067,985318,2020-05-07 00:14:08.764
2020-05-07 00:14:09,985067,985318,2020-05-07 00:14:09.533
2020-05-07 00:14:09,984769,985318,2020-05-07 00:14:09.791
2020-05-07 00:14:10,984769,985318,2020-05-07 00:14:10.065
2020-05-07 00:14:10,984769,985236,2020-05-07 00:14:10.328
2020-05-07 00:14:10,984713,985236,2020-05-07 00:14:10.652
2020-05-07 00:14:11,984713,985236,2020-05-07 00:14:11.070
2020-05-07 00:14:11,984673,985236,2020-05-07 00:14:11.333
2020-05-07 00:14:11,984673,985236,2020-05-07 00:14:11.590
2020-05-07 00:14:11,984673,985021,2020-05-07 00:14:11.861
2020-05-07 00:14:12,984674,985021,2020-05-07 00:14:12.175
2020-05-07 00:14:12,984684,985021,2020-05-07 00:14:12.438
2020-05-07 00:14:12,984684,985021,2020-05-07 00:14:12.698
2020-05-07 00:14:12,984685,985016,2020-05-07 00:14:12.958
2020-05-07 00:14:13,984685,985016,2020-05-07 00:14:13.238
2020-05-07 00:14:13,984685,985016,2020-05-07 00:14:13.557
2020-05-07 00:14:13,984674,984949,2020-05-07 00:14:13.909
2020-05-07 00:14:14,984549,985039,2020-05-07 00:14:14.186
2020-05-07 00:14:14,984582,984608,2020-05-07 00:14:14.492
2020-05-07 00:14:15,984582,984608,2020-05-07 00:14:15.243
2020-05-07 00:14:15,984582,984608,2020-05-07 00:14:15.830
2020-05-07 00:14:16,984613,984608,2020-05-07 00:14:16.109
2020-05-07 00:14:16,984613,984608,2020-05-07 00:14:16.647
2020-05-07 00:14:17,984613,984608,2020-05-07 00:14:17.037
2020-05-07 00:14:17,984613,984850,2020-05-07 00:14:17.309
2020-05-07 00:14:17,984613,984850,2020-05-07 00:14:17.592
2020-05-07 00:14:17,984613,984850,2020-05-07 00:14:17.874
2020-05-07 00:14:18,984474,984850,2020-05-07 00:14:18.155
2020-05-07 00:14:18,984486,984850,2020-05-07 00:14:18.416
2020-05-07 00:14:18,984486,984812,2020-05-07 00:14:18.735
2020-05-07 00:14:19,984486,984812,2020-05-07 00:14:19.018
2020-05-07 00:14:19,984491,984812,2020-05-07 00:14:19.284
2020-05-07 00:14:19,984491,984802,2020-05-07 00:14:19.561
2020-05-07 00:14:19,984474,984802,2020-05-07 00:14:19.869
2020-05-07 00:14:20,984491,984769,2020-05-07 00:14:20.151
2020-05-07 00:14:20,984491,984769,2020-05-07 00:14:20.404
2020-05-07 00:14:20,984491,984769,2020-05-07 00:14:20.736
2020-05-07 00:14:20,984491,984940,2020-05-07 00:14:20.991
2020-05-07 00:14:21,984769,984835,2020-05-07 00:14:21.298
2020-05-07 00:14:21,984769,984769,2020-05-07 00:14:21.599
2020-05-07 00:14:21,984769,984769,2020-05-07 00:14:21.943
2020-05-07 00:14:22,984769,984769,2020-05-07 00:14:22.213
2020-05-07 00:14:22,984409,984769,2020-05-07 00:14:22.508
2020-05-07 00:14:22,984375,984769,2020-05-07 00:14:22.783
2020-05-07 00:14:23,984364,984414,2020-05-07 00:14:23.440
2020-05-07 00:14:23,984311,984354,2020-05-07 00:14:23.764
2020-05-07 00:14:24,984257,984354,2020-05-07 00:14:24.041
2020-05-07 00:14:24,984243,984851,2020-05-07 00:14:24.382
2020-05-07 00:14:24,984199,984851,2020-05-07 00:14:24.861
2020-05-07 00:14:25,984176,984177,2020-05-07 00:14:25.164
2020-05-07 00:14:25,984083,984090,2020-05-07 00:14:25.454
2020-05-07 00:14:25,983996,984090,2020-05-07 00:14:25.825
2020-05-07 00:14:26,983932,983983,2020-05-07 00:14:26.141
2020-05-07 00:14:26,983707,983976,2020-05-07 00:14:26.667
2020-05-07 00:14:27,983658,983914,2020-05-07 00:14:27.430
2020-05-07 00:14:28,983658,983914,2020-05-07 00:14:28.219
2020-05-07 00:14:28,983604,983914,2020-05-07 00:14:28.593
2020-05-07 00:14:28,983499,983617,2020-05-07 00:14:28.942
2020-05-07 00:14:29,983563,983637,2020-05-07 00:14:29.806
2020-05-07 00:14:30,983568,983957,2020-05-07 00:14:30.179
2020-05-07 00:14:30,983568,983957,2020-05-07 00:14:30.445
2020-05-07 00:14:30,983568,983957,2020-05-07 00:14:30.731
2020-05-07 00:14:31,983568,983957,2020-05-07 00:14:31.002
2020-05-07 00:14:31,983568,984006,2020-05-07 00:14:31.282
2020-05-07 00:14:31,983568,984006,2020-05-07 00:14:31.567
2020-05-07 00:14:31,983568,984006,2020-05-07 00:14:31.853
2020-05-07 00:14:32,983568,983563,2020-05-07 00:14:32.132
2020-05-07 00:14:32,983568,983563,2020-05-07 00:14:32.446
2020-05-07 00:14:32,983552,983852,2020-05-07 00:14:32.750
2020-05-07 00:14:33,983552,983900,2020-05-07 00:14:33.011
2020-05-07 00:14:33,983552,984002,2020-05-07 00:14:33.303
2020-05-07 00:14:33,983552,984002,2020-05-07 00:14:33.627
2020-05-07 00:14:33,983553,984002,2020-05-07 00:14:33.880
2020-05-07 00:14:34,983568,984002,2020-05-07 00:14:34.248
2020-05-07 00:14:34,983618,984067,2020-05-07 00:14:34.518
2020-05-07 00:14:34,983663,984086,2020-05-07 00:14:34.791
2020-05-07 00:14:35,983663,984086,2020-05-07 00:14:35.053
2020-05-07 00:14:35,983663,984086,2020-05-07 00:14:35.458
2020-05-07 00:14:36,983663,984086,2020-05-07 00:14:36.279
2020-05-07 00:14:36,983663,984086,2020-05-07 00:14:36.551
2020-05-07 00:14:37,983726,984023,2020-05-07 00:14:37.005
2020-05-07 00:14:37,983726,984018,2020-05-07 00:14:37.341
2020-05-07 00:14:37,983776,984018,2020-05-07 00:14:37.604
2020-05-07 00:14:37,983776,984018,2020-05-07 00:14:37.962
2020-05-07 00:14:38,983776,984018,2020-05-07 00:14:38.243
2020-05-07 00:14:38,983801,984086,2020-05-07 00:14:38.562
2020-05-07 00:14:38,983801,984174,2020-05-07 00:14:38.839
2020-05-07 00:14:39,983801,984180,2020-05-07 00:14:39.146
2020-05-07 00:14:39,983801,984186,2020-05-07 00:14:39.414
2020-05-07 00:14:39,983818,984181,2020-05-07 00:14:39.669
2020-05-07 00:14:40,983739,984181,2020-05-07 00:14:40.060
2020-05-07 00:14:40,983584,984181,2020-05-07 00:14:40.319
2020-05-07 00:14:40,983583,984119,2020-05-07 00:14:40.762
2020-05-07 00:14:41,983590,984067,2020-05-07 00:14:41.064
2020-05-07 00:14:41,983698,984067,2020-05-07 00:14:41.371
2020-05-07 00:14:41,983698,984067,2020-05-07 00:14:41.650
2020-05-07 00:14:41,983748,984175,2020-05-07 00:14:41.940
2020-05-07 00:14:42,983753,984175,2020-05-07 00:14:42.266
2020-05-07 00:14:42,983792,984185,2020-05-07 00:14:42.540
2020-05-07 00:14:42,983793,984186,2020-05-07 00:14:42.808
2020-05-07 00:14:43,984012,984407,2020-05-07 00:14:43.087
2020-05-07 00:14:43,984012,984341,2020-05-07 00:14:43.349
2020-05-07 00:14:43,984124,984341,2020-05-07 00:14:43.654
2020-05-07 00:14:43,984124,984341,2020-05-07 00:14:43.946
2020-05-07 00:14:44,984124,984341,2020-05-07 00:14:44.217
2020-05-07 00:14:44,984124,984341,2020-05-07 00:14:44.497
2020-05-07 00:14:44,984125,984341,2020-05-07 00:14:44.782
2020-05-07 00:14:45,984125,984615,2020-05-07 00:14:45.073
2020-05-07 00:14:45,984125,984615,2020-05-07 00:14:45.375
2020-05-07 00:14:45,984130,984584,2020-05-07 00:14:45.647
2020-05-07 00:14:47,984135,984584,2020-05-07 00:14:47.078
2020-05-07 00:14:47,984136,984584,2020-05-07 00:14:47.385
2020-05-07 00:14:47,984136,984551,2020-05-07 00:14:47.669
2020-05-07 00:14:48,984136,984551,2020-05-07 00:14:48.038
2020-05-07 00:14:48,984136,984551,2020-05-07 00:14:48.397
2020-05-07 00:14:48,984136,984551,2020-05-07 00:14:48.670
2020-05-07 00:14:49,984136,984551,2020-05-07 00:14:49.110
2020-05-07 00:14:49,984136,984551,2020-05-07 00:14:49.415
2020-05-07 00:14:49,984136,984551,2020-05-07 00:14:49.686
2020-05-07 00:14:49,984140,984674,2020-05-07 00:14:49.962
2020-05-07 00:14:50,984254,984674,2020-05-07 00:14:50.431
2020-05-07 00:14:50,984147,984674,2020-05-07 00:14:50.695
2020-05-07 00:14:50,984147,984668,2020-05-07 00:14:50.973
2020-05-07 00:14:51,984147,984668,2020-05-07 00:14:51.272
2020-05-07 00:14:51,984148,984628,2020-05-07 00:14:51.575
2020-05-07 00:14:51,984161,984628,2020-05-07 00:14:51.882
2020-05-07 00:14:52,984161,984628,2020-05-07 00:14:52.145
2020-05-07 00:14:52,984160,984628,2020-05-07 00:14:52.428
2020-05-07 00:14:52,984160,984628,2020-05-07 00:14:52.716
2020-05-07 00:14:53,984166,984660,2020-05-07 00:14:53.009
2020-05-07 00:14:53,984166,984660,2020-05-07 00:14:53.435
2020-05-07 00:14:53,984172,984660,2020-05-07 00:14:53.698
2020-05-07 00:14:53,984172,984617,2020-05-07 00:14:53.971
2020-05-07 00:14:54,984173,984617,2020-05-07 00:14:54.268
2020-05-07 00:14:54,984173,984617,2020-05-07 00:14:54.574
2020-05-07 00:14:54,984173,984617,2020-05-07 00:14:54.861
2020-05-07 00:14:55,984185,984617,2020-05-07 00:14:55.116
2020-05-07 00:14:55,984231,984660,2020-05-07 00:14:55.377
2020-05-07 00:14:55,984231,984757,2020-05-07 00:14:55.634
2020-05-07 00:14:56,984260,984756,2020-05-07 00:14:56.231
2020-05-07 00:14:56,984260,984756,2020-05-07 00:14:56.490
2020-05-07 00:14:56,984231,984353,2020-05-07 00:14:56.780
2020-05-07 00:14:57,984180,984282,2020-05-07 00:14:57.192
2020-05-07 00:14:57,984131,984606,2020-05-07 00:14:57.517
2020-05-07 00:14:57,984131,984511,2020-05-07 00:14:57.833
2020-05-07 00:14:58,984142,984511,2020-05-07 00:14:58.112
2020-05-07 00:14:58,984142,984511,2020-05-07 00:14:58.377
2020-05-07 00:14:58,984142,984511,2020-05-07 00:14:58.817
2020-05-07 00:14:59,984142,984511,2020-05-07 00:14:59.164
2020-05-07 00:14:59,984142,984511,2020-05-07 00:14:59.470
2020-05-07 00:14:59,984142,984511,2020-05-07 00:14:59.770
2020-05-07 00:15:00,984147,984529,2020-05-07 00:15:00.161
2020-05-07 00:15:00,984147,984528,2020-05-07 00:15:00.428
2020-05-07 00:15:00,984147,984528,2020-05-07 00:15:00.716
2020-05-07 00:15:00,984148,984528,2020-05-07 00:15:00.983
2020-05-07 00:15:01,984154,984529,2020-05-07 00:15:01.254
2020-05-07 00:15:01,984154,984529,2020-05-07 00:15:01.515
2020-05-07 00:15:01,984154,984529,2020-05-07 00:15:01.777
2020-05-07 00:15:02,984165,984529,2020-05-07 00:15:02.051
2020-05-07 00:15:02,984165,984529,2020-05-07 00:15:02.551
2020-05-07 00:15:03,984165,984529,2020-05-07 00:15:03.092
2020-05-07 00:15:03,984154,984486,2020-05-07 00:15:03.442
2020-05-07 00:15:04,984091,984143,2020-05-07 00:15:04.008
2020-05-07 00:15:04,983929,984143,2020-05-07 00:15:04.279
2020-05-07 00:15:04,983927,984143,2020-05-07 00:15:04.547
2020-05-07 00:15:04,983940,984079,2020-05-07 00:15:04.834
2020-05-07 00:15:05,983909,984329,2020-05-07 00:15:05.162
2020-05-07 00:15:05,983878,984329,2020-05-07 00:15:05.801
2020-05-07 00:15:06,983878,984238,2020-05-07 00:15:06.085
2020-05-07 00:15:06,983878,984231,2020-05-07 00:15:06.430
2020-05-07 00:15:06,983878,984231,2020-05-07 00:15:06.707
2020-05-07 00:15:07,984231,984231,2020-05-07 00:15:07.001
2020-05-07 00:15:07,984231,984231,2020-05-07 00:15:07.288
2020-05-07 00:15:07,984324,984442,2020-05-07 00:15:07.562
2020-05-07 00:15:07,984245,984222,2020-05-07 00:15:07.823
2020-05-07 00:15:08,984245,984212,2020-05-07 00:15:08.147
2020-05-07 00:15:08,984245,984212,2020-05-07 00:15:08.422
2020-05-07 00:15:08,984245,984212,2020-05-07 00:15:08.737
2020-05-07 00:15:09,984245,984212,2020-05-07 00:15:09.010
2020-05-07 00:15:09,984245,984222,2020-05-07 00:15:09.266
2020-05-07 00:15:09,984245,984222,2020-05-07 00:15:09.517
2020-05-07 00:15:09,984245,984222,2020-05-07 00:15:09.816
2020-05-07 00:15:10,984245,984222,2020-05-07 00:15:10.091
2020-05-07 00:15:10,984245,984222,2020-05-07 00:15:10.358
2020-05-07 00:15:10,984245,984222,2020-05-07 00:15:10.666
2020-05-07 00:15:11,984245,984222,2020-05-07 00:15:11.182
2020-05-07 00:15:11,984245,984415,2020-05-07 00:15:11.462
2020-05-07 00:15:11,984245,984465,2020-05-07 00:15:11.770
2020-05-07 00:15:12,984245,984465,2020-05-07 00:15:12.043
2020-05-07 00:15:12,984222,984223,2020-05-07 00:15:12.331
2020-05-07 00:15:12,984222,984223,2020-05-07 00:15:12.597
2020-05-07 00:15:12,984222,984223,2020-05-07 00:15:12.870
2020-05-07 00:15:13,984222,984223,2020-05-07 00:15:13.133
2020-05-07 00:15:13,984222,984223,2020-05-07 00:15:13.403
2020-05-07 00:15:13,984222,984223,2020-05-07 00:15:13.681
2020-05-07 00:15:13,984222,984223,2020-05-07 00:15:13.973
2020-05-07 00:15:14,984222,984223,2020-05-07 00:15:14.523
2020-05-07 00:15:14,984222,984223,2020-05-07 00:15:14.798
2020-05-07 00:15:15,984222,984223,2020-05-07 00:15:15.100
2020-05-07 00:15:15,984154,984223,2020-05-07 00:15:15.352
2020-05-07 00:15:15,984154,984223,2020-05-07 00:15:15.633
2020-05-07 00:15:15,984154,984223,2020-05-07 00:15:15.898
2020-05-07 00:15:16,984154,984223,2020-05-07 00:15:16.412
2020-05-07 00:15:16,984154,984223,2020-05-07 00:15:16.688
2020-05-07 00:15:17,984154,984559,2020-05-07 00:15:17.213
2020-05-07 00:15:17,984194,984436,2020-05-07 00:15:17.792
2020-05-07 00:15:18,984154,984189,2020-05-07 00:15:18.053
2020-05-07 00:15:18,984154,984189,2020-05-07 00:15:18.320
2020-05-07 00:15:18,984154,984189,2020-05-07 00:15:18.730
2020-05-07 00:15:18,984154,984189,2020-05-07 00:15:18.993
2020-05-07 00:15:19,984154,984189,2020-05-07 00:15:19.282
2020-05-07 00:15:19,984154,984189,2020-05-07 00:15:19.822
2020-05-07 00:15:20,984154,984189,2020-05-07 00:15:20.094
2020-05-07 00:15:20,984154,984189,2020-05-07 00:15:20.542
2020-05-07 00:15:20,984154,984352,2020-05-07 00:15:20.801
2020-05-07 00:15:21,984154,984352,2020-05-07 00:15:21.348
2020-05-07 00:15:22,984154,984352,2020-05-07 00:15:22.258
2020-05-07 00:15:22,984154,984318,2020-05-07 00:15:22.522
2020-05-07 00:15:23,984154,984318,2020-05-07 00:15:23.386
2020-05-07 00:15:23,984154,984318,2020-05-07 00:15:23.690
2020-05-07 00:15:24,984154,984318,2020-05-07 00:15:24.194
2020-05-07 00:15:24,984154,984318,2020-05-07 00:15:24.738
2020-05-07 00:15:25,984016,984318,2020-05-07 00:15:25.000
2020-05-07 00:15:25,984026,984318,2020-05-07 00:15:25.280
2020-05-07 00:15:25,984016,983993,2020-05-07 00:15:25.555
2020-05-07 00:15:25,984016,983993,2020-05-07 00:15:25.816
2020-05-07 00:15:26,984016,983993,2020-05-07 00:15:26.187
2020-05-07 00:15:26,984016,984286,2020-05-07 00:15:26.500
2020-05-07 00:15:26,984016,984254,2020-05-07 00:15:26.839
2020-05-07 00:15:27,984016,984254,2020-05-07 00:15:27.142
2020-05-07 00:15:27,984016,984254,2020-05-07 00:15:27.415
2020-05-07 00:15:27,984051,984298,2020-05-07 00:15:27.697
2020-05-07 00:15:28,984253,984298,2020-05-07 00:15:28.102
2020-05-07 00:15:28,983988,984298,2020-05-07 00:15:28.423
2020-05-07 00:15:28,984213,984298,2020-05-07 00:15:28.693
2020-05-07 00:15:29,984213,984298,2020-05-07 00:15:29.608
2020-05-07 00:15:29,984213,984318,2020-05-07 00:15:29.868
2020-05-07 00:15:30,984213,984318,2020-05-07 00:15:30.301
2020-05-07 00:15:30,984213,984318,2020-05-07 00:15:30.784
2020-05-07 00:15:31,984213,984318,2020-05-07 00:15:31.045
2020-05-07 00:15:31,984213,984318,2020-05-07 00:15:31.309
2020-05-07 00:15:31,984213,984318,2020-05-07 00:15:31.743
2020-05-07 00:15:32,984213,984318,2020-05-07 00:15:32.165
2020-05-07 00:15:32,984213,984318,2020-05-07 00:15:32.630
2020-05-07 00:15:32,984213,984318,2020-05-07 00:15:32.889
2020-05-07 00:15:33,984213,984318,2020-05-07 00:15:33.146
2020-05-07 00:15:33,984213,984318,2020-05-07 00:15:33.503
2020-05-07 00:15:33,984322,984318,2020-05-07 00:15:33.782
2020-05-07 00:15:34,984322,984318,2020-05-07 00:15:34.045
2020-05-07 00:15:34,984322,984318,2020-05-07 00:15:34.314
2020-05-07 00:15:34,984322,984318,2020-05-07 00:15:34.599
2020-05-07 00:15:34,984322,984318,2020-05-07 00:15:34.868
2020-05-07 00:15:35,984322,984318,2020-05-07 00:15:35.210
2020-05-07 00:15:35,984322,984318,2020-05-07 00:15:35.485
2020-05-07 00:15:35,984053,984318,2020-05-07 00:15:35.764
2020-05-07 00:15:36,984132,984318,2020-05-07 00:15:36.046
2020-05-07 00:15:36,984132,984318,2020-05-07 00:15:36.392
2020-05-07 00:15:36,984091,984318,2020-05-07 00:15:36.688
2020-05-07 00:15:36,984151,984127,2020-05-07 00:15:36.968
2020-05-07 00:15:37,984151,984127,2020-05-07 00:15:37.250
2020-05-07 00:15:37,984151,984127,2020-05-07 00:15:37.525
2020-05-07 00:15:38,984151,984127,2020-05-07 00:15:38.016
2020-05-07 00:15:38,984151,984401,2020-05-07 00:15:38.283
2020-05-07 00:15:38,984400,984436,2020-05-07 00:15:38.555
2020-05-07 00:15:38,984419,984638,2020-05-07 00:15:38.836
2020-05-07 00:15:39,984419,984638,2020-05-07 00:15:39.119
2020-05-07 00:15:39,984419,984638,2020-05-07 00:15:39.392
2020-05-07 00:15:39,984419,984638,2020-05-07 00:15:39.665
2020-05-07 00:15:40,984419,984638,2020-05-07 00:15:40.214
2020-05-07 00:15:40,984419,984638,2020-05-07 00:15:40.485
2020-05-07 00:15:40,984419,984638,2020-05-07 00:15:40.860
2020-05-07 00:15:41,984419,984638,2020-05-07 00:15:41.143
2020-05-07 00:15:41,984419,984573,2020-05-07 00:15:41.437
2020-05-07 00:15:41,984190,984195,2020-05-07 00:15:41.700
2020-05-07 00:15:41,984180,984189,2020-05-07 00:15:41.993
2020-05-07 00:15:42,984180,984189,2020-05-07 00:15:42.258
2020-05-07 00:15:42,984180,984189,2020-05-07 00:15:42.860
2020-05-07 00:15:43,984185,984185,2020-05-07 00:15:43.326
2020-05-07 00:15:43,984185,984185,2020-05-07 00:15:43.683
2020-05-07 00:15:43,984185,984185,2020-05-07 00:15:43.960
2020-05-07 00:15:44,984185,984185,2020-05-07 00:15:44.235
2020-05-07 00:15:44,984185,984185,2020-05-07 00:15:44.496
2020-05-07 00:15:44,984203,984185,2020-05-07 00:15:44.756
2020-05-07 00:15:45,984203,984185,2020-05-07 00:15:45.065
2020-05-07 00:15:45,984203,984185,2020-05-07 00:15:45.701
2020-05-07 00:15:46,984203,984185,2020-05-07 00:15:46.038
2020-05-07 00:15:46,984206,984185,2020-05-07 00:15:46.333
2020-05-07 00:15:46,984206,984185,2020-05-07 00:15:46.920
2020-05-07 00:15:47,984206,984185,2020-05-07 00:15:47.203
2020-05-07 00:15:47,984206,984185,2020-05-07 00:15:47.468
2020-05-07 00:15:47,984206,984185,2020-05-07 00:15:47.827
2020-05-07 00:15:48,984206,984185,2020-05-07 00:15:48.152
2020-05-07 00:15:48,984206,984185,2020-05-07 00:15:48.481
2020-05-07 00:15:48,984206,984185,2020-05-07 00:15:48.762
2020-05-07 00:15:49,984206,984185,2020-05-07 00:15:49.076
2020-05-07 00:15:49,984206,984185,2020-05-07 00:15:49.567
2020-05-07 00:15:49,984206,984447,2020-05-07 00:15:49.856
2020-05-07 00:15:50,984243,984527,2020-05-07 00:15:50.119
2020-05-07 00:15:50,984243,984645,2020-05-07 00:15:50.407
2020-05-07 00:15:50,984243,984645,2020-05-07 00:15:50.676
2020-05-07 00:15:51,984243,984645,2020-05-07 00:15:51.410
2020-05-07 00:15:51,984206,984645,2020-05-07 00:15:51.677
2020-05-07 00:15:52,984095,984645,2020-05-07 00:15:52.660
2020-05-07 00:15:52,984040,984645,2020-05-07 00:15:52.924
2020-05-07 00:15:53,984283,984278,2020-05-07 00:15:53.191
2020-05-07 00:15:53,984287,984278,2020-05-07 00:15:53.520
2020-05-07 00:15:53,984287,984278,2020-05-07 00:15:53.786
2020-05-07 00:15:54,984287,984278,2020-05-07 00:15:54.214
2020-05-07 00:15:54,984303,984278,2020-05-07 00:15:54.487
2020-05-07 00:15:54,984303,984278,2020-05-07 00:15:54.781
2020-05-07 00:15:55,984435,984278,2020-05-07 00:15:55.056
2020-05-07 00:15:55,984435,984278,2020-05-07 00:15:55.337
2020-05-07 00:15:55,984191,984278,2020-05-07 00:15:55.607
2020-05-07 00:15:55,984191,984278,2020-05-07 00:15:55.889
2020-05-07 00:15:56,984191,984278,2020-05-07 00:15:56.158
2020-05-07 00:15:56,984119,984278,2020-05-07 00:15:56.427
2020-05-07 00:15:56,984130,984278,2020-05-07 00:15:56.802
2020-05-07 00:15:57,984130,984278,2020-05-07 00:15:57.276
2020-05-07 00:15:57,984131,984278,2020-05-07 00:15:57.601
2020-05-07 00:15:57,984204,984278,2020-05-07 00:15:57.884
2020-05-07 00:15:58,984204,984609,2020-05-07 00:15:58.291
2020-05-07 00:15:58,984204,984595,2020-05-07 00:15:58.578
2020-05-07 00:15:58,984204,984595,2020-05-07 00:15:58.892
2020-05-07 00:15:59,984204,984595,2020-05-07 00:15:59.161
2020-05-07 00:16:00,984119,984671,2020-05-07 00:16:00.119
2020-05-07 00:16:00,984080,984781,2020-05-07 00:16:00.394
2020-05-07 00:16:00,984077,984790,2020-05-07 00:16:00.729
2020-05-07 00:16:01,984084,984801,2020-05-07 00:16:01.006
2020-05-07 00:16:01,984926,984926,2020-05-07 00:16:01.269
2020-05-07 00:16:01,984926,984926,2020-05-07 00:16:01.711
2020-05-07 00:16:02,984926,985116,2020-05-07 00:16:02.147
2020-05-07 00:16:02,985009,985250,2020-05-07 00:16:02.440
2020-05-07 00:16:02,985300,985321,2020-05-07 00:16:02.780
2020-05-07 00:16:03,985029,985350,2020-05-07 00:16:03.064
2020-05-07 00:16:03,985300,985350,2020-05-07 00:16:03.418
2020-05-07 00:16:03,984978,985185,2020-05-07 00:16:03.679
2020-05-07 00:16:04,984978,985228,2020-05-07 00:16:04.148
2020-05-07 00:16:04,984978,985247,2020-05-07 00:16:04.417
2020-05-07 00:16:04,984978,985350,2020-05-07 00:16:04.706
2020-05-07 00:16:05,984978,985604,2020-05-07 00:16:05.444
2020-05-07 00:16:05,985037,985293,2020-05-07 00:16:05.766
2020-05-07 00:16:06,985061,985293,2020-05-07 00:16:06.032
2020-05-07 00:16:06,985061,985293,2020-05-07 00:16:06.346
2020-05-07 00:16:06,985061,985293,2020-05-07 00:16:06.613
2020-05-07 00:16:06,985071,985520,2020-05-07 00:16:06.870
2020-05-07 00:16:07,985098,985467,2020-05-07 00:16:07.797
2020-05-07 00:16:08,985098,985467,2020-05-07 00:16:08.440
2020-05-07 00:16:08,985098,985457,2020-05-07 00:16:08.717
2020-05-07 00:16:08,985098,985457,2020-05-07 00:16:08.991
2020-05-07 00:16:09,985098,985457,2020-05-07 00:16:09.259
2020-05-07 00:16:09,985098,985457,2020-05-07 00:16:09.548
2020-05-07 00:16:09,985098,985457,2020-05-07 00:16:09.821
2020-05-07 00:16:10,985098,985521,2020-05-07 00:16:10.109
2020-05-07 00:16:10,985098,985521,2020-05-07 00:16:10.394
2020-05-07 00:16:10,985161,985521,2020-05-07 00:16:10.700
2020-05-07 00:16:11,985161,985521,2020-05-07 00:16:11.662
2020-05-07 00:16:11,985161,985515,2020-05-07 00:16:11.923
2020-05-07 00:16:12,985161,985462,2020-05-07 00:16:12.202
2020-05-07 00:16:12,985161,985417,2020-05-07 00:16:12.459
2020-05-07 00:16:12,985161,985389,2020-05-07 00:16:12.719
2020-05-07 00:16:13,985389,985549,2020-05-07 00:16:13.002
2020-05-07 00:16:13,985389,985686,2020-05-07 00:16:13.431
2020-05-07 00:16:13,985433,985749,2020-05-07 00:16:13.717
2020-05-07 00:16:14,985433,985759,2020-05-07 00:16:14.063
2020-05-07 00:16:14,985460,985759,2020-05-07 00:16:14.750
2020-05-07 00:16:15,985460,985759,2020-05-07 00:16:15.072
2020-05-07 00:16:15,985489,985759,2020-05-07 00:16:15.482
2020-05-07 00:16:15,985489,985715,2020-05-07 00:16:15.748
2020-05-07 00:16:16,985489,985715,2020-05-07 00:16:16.052
2020-05-07 00:16:16,985489,985715,2020-05-07 00:16:16.356
2020-05-07 00:16:16,985572,985715,2020-05-07 00:16:16.641
2020-05-07 00:16:17,985594,985715,2020-05-07 00:16:17.036
2020-05-07 00:16:17,985763,986000,2020-05-07 00:16:17.311
2020-05-07 00:16:18,985804,986000,2020-05-07 00:16:18.377
2020-05-07 00:16:18,985804,986000,2020-05-07 00:16:18.694
2020-05-07 00:16:18,985804,986000,2020-05-07 00:16:18.986
2020-05-07 00:16:19,985804,986000,2020-05-07 00:16:19.297
2020-05-07 00:16:19,985657,986000,2020-05-07 00:16:19.640
2020-05-07 00:16:19,986100,986000,2020-05-07 00:16:19.934
2020-05-07 00:16:21,985398,985403,2020-05-07 00:16:21.732
2020-05-07 00:16:22,985398,985403,2020-05-07 00:16:22.031
2020-05-07 00:16:22,985393,985401,2020-05-07 00:16:22.357
2020-05-07 00:16:22,985325,985401,2020-05-07 00:16:22.636
2020-05-07 00:16:22,985325,985403,2020-05-07 00:16:22.994
2020-05-07 00:16:23,985181,985403,2020-05-07 00:16:23.281
2020-05-07 00:16:23,985181,985403,2020-05-07 00:16:23.587
2020-05-07 00:16:24,985182,985403,2020-05-07 00:16:24.617
2020-05-07 00:16:24,985613,985611,2020-05-07 00:16:24.883
2020-05-07 00:16:25,985613,985611,2020-05-07 00:16:25.402
2020-05-07 00:16:25,985260,985611,2020-05-07 00:16:25.715
2020-05-07 00:16:25,985260,985684,2020-05-07 00:16:25.998
2020-05-07 00:16:26,985623,985684,2020-05-07 00:16:26.893
2020-05-07 00:16:27,985623,985688,2020-05-07 00:16:27.169
2020-05-07 00:16:27,985623,986167,2020-05-07 00:16:27.427
2020-05-07 00:16:27,985623,986241,2020-05-07 00:16:27.830
2020-05-07 00:16:28,985623,986079,2020-05-07 00:16:28.091
2020-05-07 00:16:28,985623,985903,2020-05-07 00:16:28.360
2020-05-07 00:16:28,985444,985676,2020-05-07 00:16:28.641
2020-05-07 00:16:28,985403,985444,2020-05-07 00:16:28.939
2020-05-07 00:16:29,985403,985444,2020-05-07 00:16:29.369
2020-05-07 00:16:29,985403,985444,2020-05-07 00:16:29.626
2020-05-07 00:16:29,985403,985444,2020-05-07 00:16:29.904
2020-05-07 00:16:30,985403,985444,2020-05-07 00:16:30.186
2020-05-07 00:16:30,985403,985903,2020-05-07 00:16:30.583
2020-05-07 00:16:30,985717,985903,2020-05-07 00:16:30.874
2020-05-07 00:16:31,985717,985903,2020-05-07 00:16:31.218
2020-05-07 00:16:33,985717,985903,2020-05-07 00:16:33.058
2020-05-07 00:16:33,985717,985897,2020-05-07 00:16:33.688
2020-05-07 00:16:33,985479,985781,2020-05-07 00:16:33.973
2020-05-07 00:16:34,985479,985781,2020-05-07 00:16:34.580
2020-05-07 00:16:34,985479,985781,2020-05-07 00:16:34.835
2020-05-07 00:16:35,985479,985781,2020-05-07 00:16:35.182
2020-05-07 00:16:35,985424,985781,2020-05-07 00:16:35.482
2020-05-07 00:16:35,985424,985427,2020-05-07 00:16:35.821
2020-05-07 00:16:36,985434,985781,2020-05-07 00:16:36.221
2020-05-07 00:16:36,985434,985781,2020-05-07 00:16:36.484
2020-05-07 00:16:36,985434,985724,2020-05-07 00:16:36.762
2020-05-07 00:16:37,985434,985724,2020-05-07 00:16:37.039
2020-05-07 00:16:37,985434,985724,2020-05-07 00:16:37.395
2020-05-07 00:16:37,985434,985724,2020-05-07 00:16:37.702
2020-05-07 00:16:37,985434,985719,2020-05-07 00:16:37.985
2020-05-07 00:16:38,985410,985410,2020-05-07 00:16:38.571
2020-05-07 00:16:38,985329,985355,2020-05-07 00:16:38.846
2020-05-07 00:16:39,985244,985281,2020-05-07 00:16:39.104
2020-05-07 00:16:39,985157,985281,2020-05-07 00:16:39.392
2020-05-07 00:16:39,985125,985281,2020-05-07 00:16:39.715
2020-05-07 00:16:39,984931,985281,2020-05-07 00:16:39.976
2020-05-07 00:16:40,984735,985281,2020-05-07 00:16:40.299
2020-05-07 00:16:40,984727,984980,2020-05-07 00:16:40.869
2020-05-07 00:16:41,984698,984980,2020-05-07 00:16:41.131
2020-05-07 00:16:41,984677,984917,2020-05-07 00:16:41.406
2020-05-07 00:16:42,984677,984914,2020-05-07 00:16:42.822
2020-05-07 00:16:43,984614,984914,2020-05-07 00:16:43.103
2020-05-07 00:16:43,984611,984914,2020-05-07 00:16:43.375
2020-05-07 00:16:43,984610,984914,2020-05-07 00:16:43.847
2020-05-07 00:16:44,984610,984892,2020-05-07 00:16:44.161
2020-05-07 00:16:44,984610,984892,2020-05-07 00:16:44.528
2020-05-07 00:16:44,984610,984892,2020-05-07 00:16:44.833
2020-05-07 00:16:45,984610,984914,2020-05-07 00:16:45.132
2020-05-07 00:16:45,984626,984970,2020-05-07 00:16:45.421
2020-05-07 00:16:45,984626,984851,2020-05-07 00:16:45.674
2020-05-07 00:16:45,984532,984851,2020-05-07 00:16:45.940
2020-05-07 00:16:46,984532,984819,2020-05-07 00:16:46.247
2020-05-07 00:16:46,984548,984819,2020-05-07 00:16:46.878
2020-05-07 00:16:47,984486,984828,2020-05-07 00:16:47.143
2020-05-07 00:16:48,984823,984828,2020-05-07 00:16:48.145
2020-05-07 00:16:48,984486,984548,2020-05-07 00:16:48.430
2020-05-07 00:16:48,984433,984532,2020-05-07 00:16:48.826
2020-05-07 00:16:49,984433,984532,2020-05-07 00:16:49.151
2020-05-07 00:16:49,984370,984532,2020-05-07 00:16:49.458
2020-05-07 00:16:49,984360,984406,2020-05-07 00:16:49.721
2020-05-07 00:16:50,984358,984439,2020-05-07 00:16:50.320
2020-05-07 00:16:50,984358,984561,2020-05-07 00:16:50.606
2020-05-07 00:16:50,984358,984561,2020-05-07 00:16:50.870
2020-05-07 00:16:51,984358,984561,2020-05-07 00:16:51.177
2020-05-07 00:16:51,984358,984520,2020-05-07 00:16:51.449
2020-05-07 00:16:51,984358,984520,2020-05-07 00:16:51.728
2020-05-07 00:16:52,984358,984519,2020-05-07 00:16:52.624
2020-05-07 00:16:52,984358,984486,2020-05-07 00:16:52.915
2020-05-07 00:16:53,984358,984486,2020-05-07 00:16:53.226
2020-05-07 00:16:53,984358,984486,2020-05-07 00:16:53.488
2020-05-07 00:16:53,984358,984561,2020-05-07 00:16:53.755
2020-05-07 00:16:54,984409,984561,2020-05-07 00:16:54.011
2020-05-07 00:16:54,984409,984728,2020-05-07 00:16:54.272
2020-05-07 00:16:54,984409,984695,2020-05-07 00:16:54.559
2020-05-07 00:16:54,984409,984695,2020-05-07 00:16:54.820
2020-05-07 00:16:55,984409,984695,2020-05-07 00:16:55.183
2020-05-07 00:16:55,984409,984694,2020-05-07 00:16:55.521
2020-05-07 00:16:55,984291,984481,2020-05-07 00:16:55.788
2020-05-07 00:16:56,984182,984481,2020-05-07 00:16:56.167
2020-05-07 00:16:57,984209,984420,2020-05-07 00:16:57.227
2020-05-07 00:16:57,984481,984743,2020-05-07 00:16:57.524
2020-05-07 00:16:57,984769,984870,2020-05-07 00:16:57.809
2020-05-07 00:16:58,984870,984874,2020-05-07 00:16:58.073
2020-05-07 00:16:58,984870,984874,2020-05-07 00:16:58.404
2020-05-07 00:16:58,984870,984880,2020-05-07 00:16:58.694
2020-05-07 00:16:59,984870,984880,2020-05-07 00:16:59.078
2020-05-07 00:16:59,984870,984880,2020-05-07 00:16:59.845
2020-05-07 00:17:00,984870,984880,2020-05-07 00:17:00.121
2020-05-07 00:17:00,984870,984880,2020-05-07 00:17:00.697
2020-05-07 00:17:00,984870,984880,2020-05-07 00:17:00.978
2020-05-07 00:17:01,984870,984943,2020-05-07 00:17:01.242
2020-05-07 00:17:01,984776,984943,2020-05-07 00:17:01.820
2020-05-07 00:17:02,984827,985132,2020-05-07 00:17:02.814
2020-05-07 00:17:03,984844,984990,2020-05-07 00:17:03.102
2020-05-07 00:17:03,984844,984990,2020-05-07 00:17:03.380
2020-05-07 00:17:03,984844,985085,2020-05-07 00:17:03.758
2020-05-07 00:17:04,984844,985085,2020-05-07 00:17:04.030
2020-05-07 00:17:04,984844,985080,2020-05-07 00:17:04.287
2020-05-07 00:17:04,984853,985080,2020-05-07 00:17:04.562
2020-05-07 00:17:04,984853,985124,2020-05-07 00:17:04.819
2020-05-07 00:17:05,984853,985124,2020-05-07 00:17:05.101
2020-05-07 00:17:05,984870,985124,2020-05-07 00:17:05.379
2020-05-07 00:17:05,984870,985124,2020-05-07 00:17:05.775
2020-05-07 00:17:06,985150,985167,2020-05-07 00:17:06.087
2020-05-07 00:17:06,985150,985167,2020-05-07 00:17:06.412
2020-05-07 00:17:06,985150,985167,2020-05-07 00:17:06.709
2020-05-07 00:17:07,985150,985167,2020-05-07 00:17:07.222
2020-05-07 00:17:07,985150,985167,2020-05-07 00:17:07.488
2020-05-07 00:17:07,985150,985150,2020-05-07 00:17:07.830
2020-05-07 00:17:08,985172,985167,2020-05-07 00:17:08.091
2020-05-07 00:17:08,985172,985167,2020-05-07 00:17:08.682
2020-05-07 00:17:08,985172,985270,2020-05-07 00:17:08.949
2020-05-07 00:17:09,985172,985270,2020-05-07 00:17:09.211
2020-05-07 00:17:09,985172,985270,2020-05-07 00:17:09.574
2020-05-07 00:17:09,985172,985520,2020-05-07 00:17:09.844
2020-05-07 00:17:10,985228,985520,2020-05-07 00:17:10.147
2020-05-07 00:17:10,985228,985520,2020-05-07 00:17:10.402
2020-05-07 00:17:10,985228,985520,2020-05-07 00:17:10.863
2020-05-07 00:17:11,985228,985606,2020-05-07 00:17:11.164
2020-05-07 00:17:11,985228,985606,2020-05-07 00:17:11.536
2020-05-07 00:17:11,985228,985605,2020-05-07 00:17:11.800
2020-05-07 00:17:12,985228,985549,2020-05-07 00:17:12.104
2020-05-07 00:17:12,985257,985549,2020-05-07 00:17:12.386
2020-05-07 00:17:13,985257,985549,2020-05-07 00:17:13.211
2020-05-07 00:17:13,985257,985549,2020-05-07 00:17:13.498
2020-05-07 00:17:13,985264,985588,2020-05-07 00:17:13.775
2020-05-07 00:17:14,985264,985588,2020-05-07 00:17:14.048
2020-05-07 00:17:14,985264,985530,2020-05-07 00:17:14.301
2020-05-07 00:17:14,985264,985530,2020-05-07 00:17:14.847
2020-05-07 00:17:15,985228,985220,2020-05-07 00:17:15.112
2020-05-07 00:17:16,985228,985530,2020-05-07 00:17:16.160
2020-05-07 00:17:17,985286,985530,2020-05-07 00:17:17.068
2020-05-07 00:17:17,985286,985530,2020-05-07 00:17:17.496
2020-05-07 00:17:17,985312,985587,2020-05-07 00:17:17.795
2020-05-07 00:17:18,985286,985542,2020-05-07 00:17:18.086
2020-05-07 00:17:18,985228,985286,2020-05-07 00:17:18.343
2020-05-07 00:17:18,985228,985286,2020-05-07 00:17:18.625
2020-05-07 00:17:19,985228,985286,2020-05-07 00:17:19.025
2020-05-07 00:17:19,985228,985286,2020-05-07 00:17:19.345
2020-05-07 00:17:19,985228,985286,2020-05-07 00:17:19.631
2020-05-07 00:17:19,985231,985286,2020-05-07 00:17:19.906
2020-05-07 00:17:20,985231,985606,2020-05-07 00:17:20.180
2020-05-07 00:17:20,985316,985605,2020-05-07 00:17:20.441
2020-05-07 00:17:20,985316,985605,2020-05-07 00:17:20.765
2020-05-07 00:17:21,985316,985605,2020-05-07 00:17:21.058
2020-05-07 00:17:21,985316,985575,2020-05-07 00:17:21.543
2020-05-07 00:17:21,985295,985295,2020-05-07 00:17:21.815
2020-05-07 00:17:22,985295,985559,2020-05-07 00:17:22.498
2020-05-07 00:17:23,985295,985559,2020-05-07 00:17:23.080
2020-05-07 00:17:23,985295,985575,2020-05-07 00:17:23.368
2020-05-07 00:17:23,985295,985575,2020-05-07 00:17:23.670
2020-05-07 00:17:23,985474,985559,2020-05-07 00:17:23.927
2020-05-07 00:17:24,985474,985575,2020-05-07 00:17:24.402
2020-05-07 00:17:24,985474,985575,2020-05-07 00:17:24.672
2020-05-07 00:17:24,985474,985575,2020-05-07 00:17:24.943
2020-05-07 00:17:25,985474,985575,2020-05-07 00:17:25.213
2020-05-07 00:17:25,985474,985559,2020-05-07 00:17:25.492
2020-05-07 00:17:25,985474,985559,2020-05-07 00:17:25.801
2020-05-07 00:17:26,985474,985559,2020-05-07 00:17:26.133
2020-05-07 00:17:26,985474,985559,2020-05-07 00:17:26.512
2020-05-07 00:17:26,985474,985559,2020-05-07 00:17:26.827
2020-05-07 00:17:27,985474,985575,2020-05-07 00:17:27.204
2020-05-07 00:17:27,985474,985575,2020-05-07 00:17:27.633
2020-05-07 00:17:28,985474,985575,2020-05-07 00:17:28.120
2020-05-07 00:17:29,985474,985575,2020-05-07 00:17:29.534
2020-05-07 00:17:29,985587,985765,2020-05-07 00:17:29.828
2020-05-07 00:17:30,985646,985908,2020-05-07 00:17:30.127
2020-05-07 00:17:30,985653,986003,2020-05-07 00:17:30.427
2020-05-07 00:17:30,985905,986000,2020-05-07 00:17:30.682
2020-05-07 00:17:31,985716,985893,2020-05-07 00:17:30.980
2020-05-07 00:17:31,985716,985726,2020-05-07 00:17:31.457
2020-05-07 00:17:32,985714,985726,2020-05-07 00:17:32.481
2020-05-07 00:17:32,985653,985726,2020-05-07 00:17:32.806
2020-05-07 00:17:33,985653,985726,2020-05-07 00:17:33.061
2020-05-07 00:17:33,985653,985726,2020-05-07 00:17:33.326
2020-05-07 00:17:33,985653,985726,2020-05-07 00:17:33.690
2020-05-07 00:17:33,985812,985726,2020-05-07 00:17:33.980
2020-05-07 00:17:34,985812,985726,2020-05-07 00:17:34.248
2020-05-07 00:17:34,985812,985726,2020-05-07 00:17:34.598
2020-05-07 00:17:34,985812,985726,2020-05-07 00:17:34.863
2020-05-07 00:17:36,985844,985726,2020-05-07 00:17:35.994
2020-05-07 00:17:36,985844,985726,2020-05-07 00:17:36.280
2020-05-07 00:17:36,985844,985726,2020-05-07 00:17:36.557
2020-05-07 00:17:36,985844,985726,2020-05-07 00:17:36.828
2020-05-07 00:17:37,985844,985726,2020-05-07 00:17:37.099
2020-05-07 00:17:37,985844,985726,2020-05-07 00:17:37.575
2020-05-07 00:17:37,985844,985726,2020-05-07 00:17:37.841
2020-05-07 00:17:38,985844,985726,2020-05-07 00:17:38.163
2020-05-07 00:17:38,985609,985726,2020-05-07 00:17:38.577
2020-05-07 00:17:38,985633,985726,2020-05-07 00:17:38.876
2020-05-07 00:17:39,985633,985726,2020-05-07 00:17:39.480
2020-05-07 00:17:39,985639,985726,2020-05-07 00:17:39.737
2020-05-07 00:17:40,985649,985726,2020-05-07 00:17:40.010
2020-05-07 00:17:40,985650,985726,2020-05-07 00:17:40.287
2020-05-07 00:17:40,985650,985726,2020-05-07 00:17:40.659
2020-05-07 00:17:40,985650,985726,2020-05-07 00:17:40.975
2020-05-07 00:17:41,985662,985726,2020-05-07 00:17:41.417
2020-05-07 00:17:41,985662,985726,2020-05-07 00:17:41.760
2020-05-07 00:17:42,985662,985726,2020-05-07 00:17:42.496
2020-05-07 00:17:42,985662,985726,2020-05-07 00:17:42.844
2020-05-07 00:17:43,985683,986000,2020-05-07 00:17:43.694
2020-05-07 00:17:43,985683,985954,2020-05-07 00:17:43.965
2020-05-07 00:17:44,985662,985846,2020-05-07 00:17:44.224
2020-05-07 00:17:44,985627,985846,2020-05-07 00:17:44.548
2020-05-07 00:17:44,985627,985675,2020-05-07 00:17:44.855
2020-05-07 00:17:45,985627,985675,2020-05-07 00:17:45.672
2020-05-07 00:17:45,985627,985604,2020-05-07 00:17:45.941
2020-05-07 00:17:46,985627,985604,2020-05-07 00:17:46.229
2020-05-07 00:17:46,985627,985604,2020-05-07 00:17:46.516
2020-05-07 00:17:46,985589,985604,2020-05-07 00:17:46.803
2020-05-07 00:17:47,985589,985604,2020-05-07 00:17:47.092
2020-05-07 00:17:47,985589,985604,2020-05-07 00:17:47.387
2020-05-07 00:17:47,985589,985604,2020-05-07 00:17:47.768
2020-05-07 00:17:48,985589,985604,2020-05-07 00:17:48.830
2020-05-07 00:17:49,985589,985604,2020-05-07 00:17:49.087
2020-05-07 00:17:49,985589,985604,2020-05-07 00:17:49.365
2020-05-07 00:17:49,985569,985564,2020-05-07 00:17:49.626
2020-05-07 00:17:50,985569,985564,2020-05-07 00:17:50.115
2020-05-07 00:17:50,985569,985564,2020-05-07 00:17:50.428
2020-05-07 00:17:50,985569,985564,2020-05-07 00:17:50.714
2020-05-07 00:17:50,985569,985564,2020-05-07 00:17:50.976
2020-05-07 00:17:51,985569,985564,2020-05-07 00:17:51.328
2020-05-07 00:17:51,985569,985564,2020-05-07 00:17:51.606
2020-05-07 00:17:51,985318,985564,2020-05-07 00:17:51.866
2020-05-07 00:17:52,985318,985564,2020-05-07 00:17:52.161
2020-05-07 00:17:52,985318,985564,2020-05-07 00:17:52.459
2020-05-07 00:17:52,985318,985564,2020-05-07 00:17:52.752
2020-05-07 00:17:53,985318,985564,2020-05-07 00:17:53.069
2020-05-07 00:17:53,985318,985564,2020-05-07 00:17:53.485
2020-05-07 00:17:53,985318,985564,2020-05-07 00:17:53.755
2020-05-07 00:17:54,985318,985564,2020-05-07 00:17:54.068
2020-05-07 00:17:54,985380,985564,2020-05-07 00:17:54.341
2020-05-07 00:17:54,985380,985564,2020-05-07 00:17:54.733
2020-05-07 00:17:55,985380,985564,2020-05-07 00:17:55.136
2020-05-07 00:17:55,985380,985564,2020-05-07 00:17:55.863
2020-05-07 00:17:56,985380,985564,2020-05-07 00:17:56.149
2020-05-07 00:17:56,985380,985558,2020-05-07 00:17:56.477
2020-05-07 00:17:56,985380,985558,2020-05-07 00:17:56.801
2020-05-07 00:17:57,985380,985558,2020-05-07 00:17:57.266
2020-05-07 00:17:57,985380,985558,2020-05-07 00:17:57.887
2020-05-07 00:17:58,985380,985558,2020-05-07 00:17:58.149
2020-05-07 00:17:58,985150,985558,2020-05-07 00:17:58.457
2020-05-07 00:17:58,985154,985558,2020-05-07 00:17:58.750
2020-05-07 00:17:59,985154,985558,2020-05-07 00:17:59.134
2020-05-07 00:17:59,985154,985783,2020-05-07 00:17:59.434
2020-05-07 00:17:59,985154,985783,2020-05-07 00:17:59.800
2020-05-07 00:18:00,985221,985544,2020-05-07 00:18:00.105
2020-05-07 00:18:00,985221,985544,2020-05-07 00:18:00.368
2020-05-07 00:18:00,985140,985544,2020-05-07 00:18:00.636
2020-05-07 00:18:00,985140,985544,2020-05-07 00:18:00.914
2020-05-07 00:18:01,985140,985544,2020-05-07 00:18:01.174
2020-05-07 00:18:01,985140,985493,2020-05-07 00:18:01.449
2020-05-07 00:18:01,985140,985493,2020-05-07 00:18:01.756
2020-05-07 00:18:02,985192,985493,2020-05-07 00:18:02.029
2020-05-07 00:18:02,985237,985493,2020-05-07 00:18:02.350
2020-05-07 00:18:02,985237,985466,2020-05-07 00:18:02.638
2020-05-07 00:18:02,985237,985466,2020-05-07 00:18:02.950
2020-05-07 00:18:03,985237,985466,2020-05-07 00:18:03.216
2020-05-07 00:18:03,985140,985466,2020-05-07 00:18:03.495
2020-05-07 00:18:03,985140,985466,2020-05-07 00:18:03.863
2020-05-07 00:18:04,985247,985237,2020-05-07 00:18:04.678
2020-05-07 00:18:04,985247,985408,2020-05-07 00:18:04.941
2020-05-07 00:18:05,985247,985358,2020-05-07 00:18:05.213
2020-05-07 00:18:05,985247,985358,2020-05-07 00:18:05.499
2020-05-07 00:18:05,985247,985358,2020-05-07 00:18:05.846
2020-05-07 00:18:06,985247,985358,2020-05-07 00:18:06.170
2020-05-07 00:18:06,985247,985408,2020-05-07 00:18:06.825
2020-05-07 00:18:07,985001,985100,2020-05-07 00:18:07.130
2020-05-07 00:18:07,985001,985100,2020-05-07 00:18:07.533
2020-05-07 00:18:07,985001,985100,2020-05-07 00:18:07.827
2020-05-07 00:18:08,985001,985046,2020-05-07 00:18:08.137
2020-05-07 00:18:08,985001,985043,2020-05-07 00:18:08.484
2020-05-07 00:18:08,985048,985046,2020-05-07 00:18:08.772
2020-05-07 00:18:09,985048,985046,2020-05-07 00:18:09.050
2020-05-07 00:18:09,985048,985046,2020-05-07 00:18:09.383
2020-05-07 00:18:09,985048,985046,2020-05-07 00:18:09.650
2020-05-07 00:18:10,985048,985046,2020-05-07 00:18:10.027
2020-05-07 00:18:10,985042,985046,2020-05-07 00:18:10.302
2020-05-07 00:18:10,985041,985042,2020-05-07 00:18:10.571
2020-05-07 00:18:10,985041,985042,2020-05-07 00:18:10.835
2020-05-07 00:18:12,985041,985042,2020-05-07 00:18:12.117
2020-05-07 00:18:12,984869,985042,2020-05-07 00:18:12.378
2020-05-07 00:18:12,984847,985042,2020-05-07 00:18:12.666
2020-05-07 00:18:12,984847,984802,2020-05-07 00:18:12.917
2020-05-07 00:18:13,984847,984802,2020-05-07 00:18:13.209
2020-05-07 00:18:13,984847,984802,2020-05-07 00:18:13.473
2020-05-07 00:18:13,984692,984802,2020-05-07 00:18:13.729
2020-05-07 00:18:14,984692,984802,2020-05-07 00:18:14.090
2020-05-07 00:18:14,984727,984802,2020-05-07 00:18:14.419
2020-05-07 00:18:14,984727,984802,2020-05-07 00:18:14.760
2020-05-07 00:18:15,984576,984802,2020-05-07 00:18:15.073
2020-05-07 00:18:15,984586,984552,2020-05-07 00:18:15.358
2020-05-07 00:18:15,984586,984552,2020-05-07 00:18:15.686
2020-05-07 00:18:16,984586,984552,2020-05-07 00:18:16.148
2020-05-07 00:18:16,984514,984552,2020-05-07 00:18:16.835
2020-05-07 00:18:17,984651,984654,2020-05-07 00:18:17.464
2020-05-07 00:18:17,984651,984654,2020-05-07 00:18:17.745
2020-05-07 00:18:18,984651,984654,2020-05-07 00:18:18.219
2020-05-07 00:18:18,984651,984654,2020-05-07 00:18:18.831
2020-05-07 00:18:19,984651,984654,2020-05-07 00:18:19.084
2020-05-07 00:18:19,984651,984654,2020-05-07 00:18:19.433
2020-05-07 00:18:19,984651,984654,2020-05-07 00:18:19.838
2020-05-07 00:18:20,984651,984895,2020-05-07 00:18:20.224
2020-05-07 00:18:20,984651,984834,2020-05-07 00:18:20.574
2020-05-07 00:18:21,984651,984834,2020-05-07 00:18:21.278
2020-05-07 00:18:21,984651,984834,2020-05-07 00:18:21.822
2020-05-07 00:18:22,984651,984834,2020-05-07 00:18:22.142
2020-05-07 00:18:22,984651,984770,2020-05-07 00:18:22.426
2020-05-07 00:18:24,984651,984770,2020-05-07 00:18:24.238
2020-05-07 00:18:24,984651,984770,2020-05-07 00:18:24.577
2020-05-07 00:18:24,984651,984734,2020-05-07 00:18:24.858
2020-05-07 00:18:25,984651,984734,2020-05-07 00:18:25.119
2020-05-07 00:18:25,984416,984722,2020-05-07 00:18:25.390
2020-05-07 00:18:25,984397,984406,2020-05-07 00:18:25.812
2020-05-07 00:18:26,984397,984406,2020-05-07 00:18:26.396
2020-05-07 00:18:26,984199,984359,2020-05-07 00:18:26.666
2020-05-07 00:18:26,984161,984359,2020-05-07 00:18:26.924
2020-05-07 00:18:27,984082,984112,2020-05-07 00:18:27.189
2020-05-07 00:18:27,983998,984056,2020-05-07 00:18:27.459
2020-05-07 00:18:27,984043,984044,2020-05-07 00:18:27.750
2020-05-07 00:18:28,984043,984056,2020-05-07 00:18:28.053
2020-05-07 00:18:28,984043,984036,2020-05-07 00:18:28.316
2020-05-07 00:18:29,984082,984056,2020-05-07 00:18:29.471
2020-05-07 00:18:30,984082,984267,2020-05-07 00:18:30.554
2020-05-07 00:18:30,984082,984268,2020-05-07 00:18:30.866
2020-05-07 00:18:31,984082,984268,2020-05-07 00:18:31.124
2020-05-07 00:18:31,984082,984268,2020-05-07 00:18:31.725
2020-05-07 00:18:32,984082,984485,2020-05-07 00:18:32.004
2020-05-07 00:18:32,984082,984445,2020-05-07 00:18:32.269
2020-05-07 00:18:32,984082,984445,2020-05-07 00:18:32.553
2020-05-07 00:18:32,984082,984445,2020-05-07 00:18:32.840
2020-05-07 00:18:33,984271,984471,2020-05-07 00:18:33.122
2020-05-07 00:18:33,984240,984471,2020-05-07 00:18:33.386
2020-05-07 00:18:33,984240,984471,2020-05-07 00:18:33.662
2020-05-07 00:18:34,984240,984471,2020-05-07 00:18:34.114
2020-05-07 00:18:34,984240,984471,2020-05-07 00:18:34.578
2020-05-07 00:18:34,984240,984471,2020-05-07 00:18:34.955
2020-05-07 00:18:35,984240,984471,2020-05-07 00:18:35.240
2020-05-07 00:18:35,984240,984471,2020-05-07 00:18:35.780
2020-05-07 00:18:36,984240,984465,2020-05-07 00:18:36.050
2020-05-07 00:18:36,984240,984465,2020-05-07 00:18:36.328
2020-05-07 00:18:36,984240,984465,2020-05-07 00:18:36.628
2020-05-07 00:18:36,984240,984465,2020-05-07 00:18:36.894
2020-05-07 00:18:37,984240,984465,2020-05-07 00:18:37.495
2020-05-07 00:18:37,984240,984465,2020-05-07 00:18:37.989
2020-05-07 00:18:38,984240,984465,2020-05-07 00:18:38.907
2020-05-07 00:18:39,984240,984442,2020-05-07 00:18:39.734
2020-05-07 00:18:40,984240,984442,2020-05-07 00:18:40.076
2020-05-07 00:18:40,984106,984101,2020-05-07 00:18:40.382
2020-05-07 00:18:40,984106,984101,2020-05-07 00:18:40.638
2020-05-07 00:18:40,984106,984101,2020-05-07 00:18:40.965
2020-05-07 00:18:41,984055,984431,2020-05-07 00:18:41.839
2020-05-07 00:18:42,984055,984431,2020-05-07 00:18:42.095
2020-05-07 00:18:42,984041,984013,2020-05-07 00:18:42.394
2020-05-07 00:18:42,984041,984013,2020-05-07 00:18:42.660
2020-05-07 00:18:42,984041,984013,2020-05-07 00:18:42.928
2020-05-07 00:18:43,984041,984013,2020-05-07 00:18:43.233
2020-05-07 00:18:43,984041,984013,2020-05-07 00:18:43.525
2020-05-07 00:18:43,984041,984013,2020-05-07 00:18:43.805
2020-05-07 00:18:44,984041,984013,2020-05-07 00:18:44.068
2020-05-07 00:18:44,984041,984013,2020-05-07 00:18:44.395
2020-05-07 00:18:44,984041,984013,2020-05-07 00:18:44.940
2020-05-07 00:18:45,984041,984013,2020-05-07 00:18:45.216
2020-05-07 00:18:45,983993,983995,2020-05-07 00:18:45.760
2020-05-07 00:18:46,983993,983995,2020-05-07 00:18:46.256
2020-05-07 00:18:46,983993,983995,2020-05-07 00:18:46.523
2020-05-07 00:18:46,983993,983995,2020-05-07 00:18:46.788
2020-05-07 00:18:47,983993,983995,2020-05-07 00:18:47.282
2020-05-07 00:18:48,983819,983995,2020-05-07 00:18:48.464
2020-05-07 00:18:48,983864,983995,2020-05-07 00:18:48.720
2020-05-07 00:18:48,983864,983995,2020-05-07 00:18:48.981
2020-05-07 00:18:49,983872,983995,2020-05-07 00:18:49.245
2020-05-07 00:18:49,983872,983995,2020-05-07 00:18:49.516
2020-05-07 00:18:49,983872,984091,2020-05-07 00:18:49.777
2020-05-07 00:18:50,983872,984091,2020-05-07 00:18:50.062
2020-05-07 00:18:50,983872,984091,2020-05-07 00:18:50.348
2020-05-07 00:18:50,983963,984091,2020-05-07 00:18:50.651
2020-05-07 00:18:50,983963,984091,2020-05-07 00:18:50.938
2020-05-07 00:18:51,983963,984091,2020-05-07 00:18:51.324
2020-05-07 00:18:51,983963,984091,2020-05-07 00:18:51.643
2020-05-07 00:18:52,983963,984091,2020-05-07 00:18:52.833
2020-05-07 00:18:53,983963,984081,2020-05-07 00:18:53.103
2020-05-07 00:18:53,983963,984081,2020-05-07 00:18:53.356
2020-05-07 00:18:53,983963,984081,2020-05-07 00:18:53.821
2020-05-07 00:18:54,983963,984081,2020-05-07 00:18:54.115
2020-05-07 00:18:54,983963,984005,2020-05-07 00:18:54.506
2020-05-07 00:18:54,983883,984005,2020-05-07 00:18:54.789
2020-05-07 00:18:55,983883,983949,2020-05-07 00:18:55.100
2020-05-07 00:18:55,983819,983949,2020-05-07 00:18:55.406
2020-05-07 00:18:55,983819,983949,2020-05-07 00:18:55.745
2020-05-07 00:18:56,983819,983949,2020-05-07 00:18:56.017
2020-05-07 00:18:56,983819,983949,2020-05-07 00:18:56.860
2020-05-07 00:18:57,983819,983971,2020-05-07 00:18:57.176
2020-05-07 00:18:57,983792,983971,2020-05-07 00:18:57.477
2020-05-07 00:18:57,983792,983793,2020-05-07 00:18:57.751
2020-05-07 00:18:58,983716,983959,2020-05-07 00:18:58.018
2020-05-07 00:18:58,983716,983955,2020-05-07 00:18:58.312
2020-05-07 00:18:59,983711,983955,2020-05-07 00:18:59.076
2020-05-07 00:18:59,983706,983955,2020-05-07 00:18:59.394
2020-05-07 00:18:59,983653,983955,2020-05-07 00:18:59.672
2020-05-07 00:19:00,983600,983955,2020-05-07 00:18:59.983
2020-05-07 00:19:01,983600,983913,2020-05-07 00:19:01.194
2020-05-07 00:19:01,983494,983910,2020-05-07 00:19:01.836
2020-05-07 00:19:02,983457,983910,2020-05-07 00:19:02.123
2020-05-07 00:19:02,983342,983835,2020-05-07 00:19:02.579
2020-05-07 00:19:02,983342,983465,2020-05-07 00:19:02.856
2020-05-07 00:19:03,983465,983465,2020-05-07 00:19:03.117
2020-05-07 00:19:03,983367,983465,2020-05-07 00:19:03.693
2020-05-07 00:19:03,983367,983465,2020-05-07 00:19:03.960
2020-05-07 00:19:04,983488,983503,2020-05-07 00:19:04.248
2020-05-07 00:19:04,983488,983503,2020-05-07 00:19:04.521
2020-05-07 00:19:04,983615,983503,2020-05-07 00:19:04.825
2020-05-07 00:19:05,983615,983503,2020-05-07 00:19:05.112
2020-05-07 00:19:05,983615,983503,2020-05-07 00:19:05.632
2020-05-07 00:19:05,983615,983503,2020-05-07 00:19:05.888
2020-05-07 00:19:06,983615,983503,2020-05-07 00:19:06.167
2020-05-07 00:19:06,983632,983627,2020-05-07 00:19:06.430
2020-05-07 00:19:07,983632,983842,2020-05-07 00:19:07.132
2020-05-07 00:19:07,983708,983882,2020-05-07 00:19:07.397
2020-05-07 00:19:07,983841,983882,2020-05-07 00:19:07.778
2020-05-07 00:19:08,983841,984088,2020-05-07 00:19:08.062
2020-05-07 00:19:08,983841,984089,2020-05-07 00:19:08.346
2020-05-07 00:19:08,983841,984088,2020-05-07 00:19:08.714
2020-05-07 00:19:08,983841,984109,2020-05-07 00:19:08.983
2020-05-07 00:19:09,983841,984109,2020-05-07 00:19:09.272
2020-05-07 00:19:09,983841,984109,2020-05-07 00:19:09.707
2020-05-07 00:19:09,984114,984109,2020-05-07 00:19:09.967
2020-05-07 00:19:10,984114,984109,2020-05-07 00:19:10.260
2020-05-07 00:19:10,984114,984109,2020-05-07 00:19:10.530
2020-05-07 00:19:10,984114,984109,2020-05-07 00:19:10.833
2020-05-07 00:19:11,984114,984109,2020-05-07 00:19:11.112
2020-05-07 00:19:11,984114,984109,2020-05-07 00:19:11.416
2020-05-07 00:19:11,984114,984109,2020-05-07 00:19:11.716
2020-05-07 00:19:11,984114,984109,2020-05-07 00:19:11.984
2020-05-07 00:19:12,984114,984109,2020-05-07 00:19:12.254
2020-05-07 00:19:12,984143,984109,2020-05-07 00:19:12.527
2020-05-07 00:19:13,984143,984109,2020-05-07 00:19:13.013
2020-05-07 00:19:13,984143,984109,2020-05-07 00:19:13.463
2020-05-07 00:19:13,984143,984329,2020-05-07 00:19:13.737
2020-05-07 00:19:14,984162,984329,2020-05-07 00:19:14.004
2020-05-07 00:19:14,984162,984329,2020-05-07 00:19:14.291
