timestamp,bid,ask,tick_timestamp
2020-03-25 03:37:38,741906.0,742337.0,2020-03-25 03:37:37
2020-03-25 03:37:39,741906.0,742337.0,2020-03-25 03:37:39
2020-03-25 03:37:40,741906.0,742337.0,2020-03-25 03:37:40
2020-03-25 03:37:41,741906.0,742337.0,2020-03-25 03:37:41
2020-03-25 03:37:42,741906.0,742337.0,2020-03-25 03:37:42
2020-03-25 03:37:43,741906.0,742337.0,2020-03-25 03:37:43
2020-03-25 03:37:44,741906.0,742337.0,2020-03-25 03:37:44
2020-03-25 03:37:46,741063.0,741795.0,2020-03-25 03:37:45
2020-03-25 03:37:47,741063.0,741795.0,2020-03-25 03:37:47
2020-03-25 03:37:48,741063.0,741795.0,2020-03-25 03:37:48
2020-03-25 03:37:49,741063.0,741795.0,2020-03-25 03:37:49
2020-03-25 03:37:50,741063.0,741795.0,2020-03-25 03:37:50
2020-03-25 03:37:51,741063.0,741795.0,2020-03-25 03:37:51
2020-03-25 03:37:52,741063.0,741795.0,2020-03-25 03:37:52
2020-03-25 03:37:53,741063.0,741795.0,2020-03-25 03:37:53
2020-03-25 03:37:54,741063.0,741795.0,2020-03-25 03:37:54
2020-03-25 03:37:55,740600.0,740926.0,2020-03-25 03:37:55
2020-03-25 03:37:56,740600.0,740926.0,2020-03-25 03:37:56
2020-03-25 03:37:57,740600.0,740926.0,2020-03-25 03:37:57
2020-03-25 03:37:58,740600.0,740926.0,2020-03-25 03:37:58
2020-03-25 03:37:59,740600.0,740926.0,2020-03-25 03:37:59
2020-03-25 03:38:00,740600.0,740926.0,2020-03-25 03:38:00
2020-03-25 03:38:01,740600.0,740926.0,2020-03-25 03:38:01
2020-03-25 03:38:02,740600.0,740926.0,2020-03-25 03:38:02
2020-03-25 03:38:04,740600.0,740926.0,2020-03-25 03:38:03
2020-03-25 03:38:05,740920.0,741222.0,2020-03-25 03:38:05
2020-03-25 03:38:06,740920.0,741222.0,2020-03-25 03:38:06
2020-03-25 03:38:07,740920.0,741222.0,2020-03-25 03:38:07
2020-03-25 03:38:08,740920.0,741222.0,2020-03-25 03:38:08
2020-03-25 03:38:09,740920.0,741222.0,2020-03-25 03:38:09
2020-03-25 03:38:10,740920.0,741222.0,2020-03-25 03:38:10
2020-03-25 03:38:11,740920.0,741222.0,2020-03-25 03:38:11
2020-03-25 03:38:12,740920.0,741222.0,2020-03-25 03:38:12
2020-03-25 03:38:13,740920.0,741222.0,2020-03-25 03:38:13
2020-03-25 03:38:14,740920.0,741222.0,2020-03-25 03:38:14
2020-03-25 03:38:15,740631.0,741077.0,2020-03-25 03:38:15
2020-03-25 03:38:16,740631.0,741077.0,2020-03-25 03:38:16
2020-03-25 03:38:17,740631.0,741077.0,2020-03-25 03:38:17
2020-03-25 03:38:18,740631.0,741077.0,2020-03-25 03:38:18
2020-03-25 03:38:19,740631.0,741077.0,2020-03-25 03:38:19
2020-03-25 03:38:20,740631.0,741077.0,2020-03-25 03:38:20
2020-03-25 03:38:22,740631.0,741077.0,2020-03-25 03:38:21
2020-03-25 03:38:23,740631.0,741077.0,2020-03-25 03:38:23
2020-03-25 03:38:24,740631.0,741077.0,2020-03-25 03:38:24
2020-03-25 03:38:25,740348.0,740955.0,2020-03-25 03:38:25
2020-03-25 03:38:26,740348.0,740955.0,2020-03-25 03:38:26
2020-03-25 03:38:27,740348.0,740955.0,2020-03-25 03:38:27
2020-03-25 03:38:28,740348.0,740955.0,2020-03-25 03:38:28
2020-03-25 03:38:29,740348.0,740955.0,2020-03-25 03:38:29
2020-03-25 03:38:30,740348.0,740955.0,2020-03-25 03:38:30
2020-03-25 03:38:31,740348.0,740955.0,2020-03-25 03:38:31
2020-03-25 03:38:32,740348.0,740955.0,2020-03-25 03:38:32
2020-03-25 03:38:33,740348.0,740955.0,2020-03-25 03:38:33
2020-03-25 03:38:34,740348.0,740955.0,2020-03-25 03:38:34
2020-03-25 03:38:35,740348.0,740955.0,2020-03-25 03:38:35
2020-03-25 03:38:36,740415.0,740981.0,2020-03-25 03:38:36
2020-03-25 03:38:37,740415.0,740981.0,2020-03-25 03:38:37
2020-03-25 03:38:38,740415.0,740981.0,2020-03-25 03:38:38
2020-03-25 03:38:39,740415.0,740981.0,2020-03-25 03:38:39
2020-03-25 03:38:40,740415.0,740981.0,2020-03-25 03:38:40
2020-03-25 03:38:42,740415.0,740981.0,2020-03-25 03:38:41
2020-03-25 03:38:43,740415.0,740981.0,2020-03-25 03:38:43
2020-03-25 03:38:44,740415.0,740981.0,2020-03-25 03:38:44
2020-03-25 03:38:45,740262.0,740917.0,2020-03-25 03:38:45
2020-03-25 03:38:46,740262.0,740917.0,2020-03-25 03:38:46
2020-03-25 03:38:47,740262.0,740917.0,2020-03-25 03:38:47
2020-03-25 03:38:48,740262.0,740917.0,2020-03-25 03:38:48
2020-03-25 03:38:49,740262.0,740917.0,2020-03-25 03:38:49
2020-03-25 03:38:50,740262.0,740917.0,2020-03-25 03:38:50
2020-03-25 03:38:51,740262.0,740917.0,2020-03-25 03:38:51
2020-03-25 03:38:52,740262.0,740917.0,2020-03-25 03:38:52
2020-03-25 03:38:53,740262.0,740917.0,2020-03-25 03:38:53
2020-03-25 03:38:54,740262.0,740917.0,2020-03-25 03:38:54
2020-03-25 03:38:55,740262.0,740917.0,2020-03-25 03:38:55
2020-03-25 03:38:56,740262.0,740917.0,2020-03-25 03:38:56
2020-03-25 03:38:57,740262.0,740917.0,2020-03-25 03:38:57
2020-03-25 03:38:58,740416.0,740913.0,2020-03-25 03:38:58
2020-03-25 03:38:59,740416.0,740913.0,2020-03-25 03:38:59
2020-03-25 03:39:01,740416.0,740913.0,2020-03-25 03:39:00
2020-03-25 03:39:02,740416.0,740913.0,2020-03-25 03:39:02
2020-03-25 03:39:03,740416.0,740913.0,2020-03-25 03:39:03
2020-03-25 03:39:04,740416.0,740913.0,2020-03-25 03:39:04
2020-03-25 03:39:05,741038.0,741198.0,2020-03-25 03:39:05
2020-03-25 03:39:06,741038.0,741198.0,2020-03-25 03:39:06
2020-03-25 03:39:07,741038.0,741198.0,2020-03-25 03:39:07
2020-03-25 03:39:08,741038.0,741198.0,2020-03-25 03:39:08
2020-03-25 03:39:09,741038.0,741198.0,2020-03-25 03:39:09
2020-03-25 03:39:10,741038.0,741198.0,2020-03-25 03:39:10
2020-03-25 03:39:11,741038.0,741198.0,2020-03-25 03:39:11
2020-03-25 03:39:12,741038.0,741198.0,2020-03-25 03:39:12
2020-03-25 03:39:13,741038.0,741198.0,2020-03-25 03:39:13
2020-03-25 03:39:14,741038.0,741198.0,2020-03-25 03:39:14
2020-03-25 03:39:15,741038.0,741198.0,2020-03-25 03:39:15
2020-03-25 03:39:16,741211.0,741845.0,2020-03-25 03:39:16
2020-03-25 03:39:17,741211.0,741845.0,2020-03-25 03:39:17
2020-03-25 03:39:19,741211.0,741845.0,2020-03-25 03:39:18
2020-03-25 03:39:20,741211.0,741845.0,2020-03-25 03:39:20
2020-03-25 03:39:21,741211.0,741845.0,2020-03-25 03:39:21
2020-03-25 03:39:22,741211.0,741845.0,2020-03-25 03:39:22
2020-03-25 03:39:23,741211.0,741845.0,2020-03-25 03:39:23
2020-03-25 03:39:24,741211.0,741845.0,2020-03-25 03:39:24
2020-03-25 03:39:25,741211.0,741845.0,2020-03-25 03:39:25
2020-03-25 03:39:26,741435.0,742123.0,2020-03-25 03:39:26
2020-03-25 03:39:27,741435.0,742123.0,2020-03-25 03:39:27
2020-03-25 03:39:28,741435.0,742123.0,2020-03-25 03:39:28
2020-03-25 03:39:29,741435.0,742123.0,2020-03-25 03:39:29
2020-03-25 03:39:30,741435.0,742123.0,2020-03-25 03:39:30
2020-03-25 03:39:31,741435.0,742123.0,2020-03-25 03:39:31
2020-03-25 03:39:32,741435.0,742123.0,2020-03-25 03:39:32
2020-03-25 03:39:33,741435.0,742123.0,2020-03-25 03:39:33
2020-03-25 03:39:34,741435.0,742123.0,2020-03-25 03:39:34
2020-03-25 03:39:35,741435.0,742123.0,2020-03-25 03:39:35
2020-03-25 03:39:37,741299.0,741893.0,2020-03-25 03:39:36
2020-03-25 03:39:38,741299.0,741893.0,2020-03-25 03:39:38
2020-03-25 03:39:39,741299.0,741893.0,2020-03-25 03:39:39
2020-03-25 03:39:40,741299.0,741893.0,2020-03-25 03:39:40
2020-03-25 03:39:41,741299.0,741893.0,2020-03-25 03:39:41
2020-03-25 03:39:42,741299.0,741893.0,2020-03-25 03:39:42
2020-03-25 03:39:43,741299.0,741893.0,2020-03-25 03:39:43
2020-03-25 03:39:44,741299.0,741893.0,2020-03-25 03:39:44
2020-03-25 03:39:45,741853.0,742061.0,2020-03-25 03:39:45
2020-03-25 03:39:46,741853.0,742061.0,2020-03-25 03:39:46
2020-03-25 03:39:47,741853.0,742061.0,2020-03-25 03:39:47
2020-03-25 03:39:48,741853.0,742061.0,2020-03-25 03:39:48
2020-03-25 03:39:49,741853.0,742061.0,2020-03-25 03:39:49
2020-03-25 03:39:50,741853.0,742061.0,2020-03-25 03:39:50
2020-03-25 03:39:51,741853.0,742061.0,2020-03-25 03:39:51
2020-03-25 03:39:52,741853.0,742061.0,2020-03-25 03:39:52
2020-03-25 03:39:53,741853.0,742061.0,2020-03-25 03:39:53
2020-03-25 03:39:54,741853.0,742061.0,2020-03-25 03:39:54
2020-03-25 03:39:55,741853.0,742061.0,2020-03-25 03:39:55
2020-03-25 03:39:57,742250.0,742789.0,2020-03-25 03:39:56
2020-03-25 03:39:58,742250.0,742789.0,2020-03-25 03:39:58
2020-03-25 03:39:59,742250.0,742789.0,2020-03-25 03:39:59
2020-03-25 03:40:00,742250.0,742789.0,2020-03-25 03:40:00
2020-03-25 03:40:01,742250.0,742789.0,2020-03-25 03:40:01
2020-03-25 03:40:02,742250.0,742789.0,2020-03-25 03:40:02
2020-03-25 03:40:03,742250.0,742789.0,2020-03-25 03:40:03
2020-03-25 03:40:04,742250.0,742789.0,2020-03-25 03:40:04
2020-03-25 03:40:05,742250.0,742789.0,2020-03-25 03:40:05
2020-03-25 03:40:06,742250.0,742789.0,2020-03-25 03:40:06
2020-03-25 03:40:07,742250.0,742789.0,2020-03-25 03:40:07
2020-03-25 03:40:08,742763.0,743330.0,2020-03-25 03:40:08
2020-03-25 03:40:09,742763.0,743330.0,2020-03-25 03:40:09
2020-03-25 03:40:10,742763.0,743330.0,2020-03-25 03:40:10
2020-03-25 03:40:11,742763.0,743330.0,2020-03-25 03:40:11
2020-03-25 03:40:12,742763.0,743330.0,2020-03-25 03:40:12
2020-03-25 03:40:13,742763.0,743330.0,2020-03-25 03:40:13
2020-03-25 03:40:15,742763.0,743330.0,2020-03-25 03:40:14
2020-03-25 03:40:16,742763.0,743330.0,2020-03-25 03:40:16
2020-03-25 03:40:17,742763.0,743330.0,2020-03-25 03:40:17
2020-03-25 03:40:18,742763.0,743330.0,2020-03-25 03:40:18
2020-03-25 03:40:19,742763.0,743330.0,2020-03-25 03:40:19
2020-03-25 03:40:20,742763.0,743330.0,2020-03-25 03:40:20
2020-03-25 03:40:21,742314.0,742670.0,2020-03-25 03:40:21
2020-03-25 03:40:22,742314.0,742670.0,2020-03-25 03:40:22
2020-03-25 03:40:23,742314.0,742670.0,2020-03-25 03:40:23
2020-03-25 03:40:24,742314.0,742670.0,2020-03-25 03:40:24
2020-03-25 03:40:25,742314.0,742670.0,2020-03-25 03:40:25
2020-03-25 03:40:26,742314.0,742670.0,2020-03-25 03:40:26
2020-03-25 03:40:27,742314.0,742670.0,2020-03-25 03:40:27
2020-03-25 03:40:28,742232.0,743147.0,2020-03-25 03:40:28
2020-03-25 03:40:29,742232.0,743147.0,2020-03-25 03:40:29
2020-03-25 03:40:30,742232.0,743147.0,2020-03-25 03:40:30
2020-03-25 03:40:31,742232.0,743147.0,2020-03-25 03:40:31
2020-03-25 03:40:32,742232.0,743147.0,2020-03-25 03:40:32
2020-03-25 03:40:33,742232.0,743147.0,2020-03-25 03:40:33
2020-03-25 03:40:35,742232.0,743147.0,2020-03-25 03:40:34
2020-03-25 03:40:36,742232.0,743147.0,2020-03-25 03:40:36
2020-03-25 03:40:37,742232.0,743147.0,2020-03-25 03:40:37
2020-03-25 03:40:38,742232.0,743147.0,2020-03-25 03:40:38
2020-03-25 03:40:39,742232.0,743147.0,2020-03-25 03:40:39
2020-03-25 03:40:40,741835.0,742022.0,2020-03-25 03:40:40
2020-03-25 03:40:41,741835.0,742022.0,2020-03-25 03:40:41
2020-03-25 03:40:42,741835.0,742022.0,2020-03-25 03:40:42
2020-03-25 03:40:43,741835.0,742022.0,2020-03-25 03:40:43
2020-03-25 03:40:44,741835.0,742022.0,2020-03-25 03:40:44
2020-03-25 03:40:45,741835.0,742022.0,2020-03-25 03:40:45
2020-03-25 03:40:46,741835.0,742022.0,2020-03-25 03:40:46
2020-03-25 03:40:47,741835.0,742022.0,2020-03-25 03:40:47
2020-03-25 03:40:48,741705.0,741974.0,2020-03-25 03:40:48
2020-03-25 03:40:49,741705.0,741974.0,2020-03-25 03:40:49
2020-03-25 03:40:50,741705.0,741974.0,2020-03-25 03:40:50
2020-03-25 03:40:52,741705.0,741974.0,2020-03-25 03:40:51
2020-03-25 03:40:53,741705.0,741974.0,2020-03-25 03:40:53
2020-03-25 03:40:54,741705.0,741974.0,2020-03-25 03:40:54
2020-03-25 03:40:55,741705.0,741974.0,2020-03-25 03:40:55
2020-03-25 03:40:56,741705.0,741974.0,2020-03-25 03:40:56
2020-03-25 03:40:57,741705.0,741974.0,2020-03-25 03:40:57
2020-03-25 03:40:58,741352.0,741923.0,2020-03-25 03:40:58
2020-03-25 03:40:59,741352.0,741923.0,2020-03-25 03:40:59
2020-03-25 03:41:00,741352.0,741923.0,2020-03-25 03:41:00
2020-03-25 03:41:01,741352.0,741923.0,2020-03-25 03:41:01
2020-03-25 03:41:02,741352.0,741923.0,2020-03-25 03:41:02
2020-03-25 03:41:03,741352.0,741923.0,2020-03-25 03:41:03
2020-03-25 03:41:04,741352.0,741923.0,2020-03-25 03:41:04
2020-03-25 03:41:05,741352.0,741923.0,2020-03-25 03:41:05
2020-03-25 03:41:06,741378.0,741857.0,2020-03-25 03:41:06
2020-03-25 03:41:07,741378.0,741857.0,2020-03-25 03:41:07
2020-03-25 03:41:08,741378.0,741857.0,2020-03-25 03:41:08
2020-03-25 03:41:09,741378.0,741857.0,2020-03-25 03:41:09
2020-03-25 03:41:11,741378.0,741857.0,2020-03-25 03:41:10
2020-03-25 03:41:12,741378.0,741857.0,2020-03-25 03:41:12
2020-03-25 03:41:13,741378.0,741857.0,2020-03-25 03:41:13
2020-03-25 03:41:14,741378.0,741857.0,2020-03-25 03:41:14
2020-03-25 03:41:15,741378.0,741857.0,2020-03-25 03:41:15
2020-03-25 03:41:16,741378.0,741857.0,2020-03-25 03:41:16
2020-03-25 03:41:17,741378.0,741857.0,2020-03-25 03:41:17
2020-03-25 03:41:18,740393.0,740757.0,2020-03-25 03:41:18
2020-03-25 03:41:19,740393.0,740757.0,2020-03-25 03:41:19
2020-03-25 03:41:20,740393.0,740757.0,2020-03-25 03:41:20
2020-03-25 03:41:21,740393.0,740757.0,2020-03-25 03:41:21
2020-03-25 03:41:22,740393.0,740757.0,2020-03-25 03:41:22
2020-03-25 03:41:23,740393.0,740757.0,2020-03-25 03:41:23
2020-03-25 03:41:24,740393.0,740757.0,2020-03-25 03:41:24
2020-03-25 03:41:25,740393.0,740757.0,2020-03-25 03:41:25
2020-03-25 03:41:26,740106.0,740107.0,2020-03-25 03:41:26
2020-03-25 03:41:27,740106.0,740107.0,2020-03-25 03:41:27
2020-03-25 03:41:28,740106.0,740107.0,2020-03-25 03:41:28
2020-03-25 03:41:30,740106.0,740107.0,2020-03-25 03:41:29
2020-03-25 03:41:31,740106.0,740107.0,2020-03-25 03:41:31
2020-03-25 03:41:32,740106.0,740107.0,2020-03-25 03:41:32
2020-03-25 03:41:33,740106.0,740107.0,2020-03-25 03:41:33
2020-03-25 03:41:34,740106.0,740107.0,2020-03-25 03:41:34
2020-03-25 03:41:35,740106.0,740107.0,2020-03-25 03:41:35
2020-03-25 03:41:36,740106.0,740107.0,2020-03-25 03:41:36
2020-03-25 03:41:37,740106.0,740107.0,2020-03-25 03:41:37
2020-03-25 03:41:38,740106.0,740107.0,2020-03-25 03:41:38
2020-03-25 03:41:39,740111.0,740448.0,2020-03-25 03:41:39
2020-03-25 03:41:40,740111.0,740448.0,2020-03-25 03:41:40
2020-03-25 03:41:41,740111.0,740448.0,2020-03-25 03:41:41
2020-03-25 03:41:42,740111.0,740448.0,2020-03-25 03:41:42
2020-03-25 03:41:43,740111.0,740448.0,2020-03-25 03:41:43
2020-03-25 03:41:44,740111.0,740448.0,2020-03-25 03:41:44
2020-03-25 03:41:45,740111.0,740448.0,2020-03-25 03:41:45
2020-03-25 03:41:47,740111.0,740448.0,2020-03-25 03:41:46
2020-03-25 03:41:48,740592.0,740709.0,2020-03-25 03:41:48
2020-03-25 03:41:49,740592.0,740709.0,2020-03-25 03:41:49
2020-03-25 03:41:50,740592.0,740709.0,2020-03-25 03:41:50
2020-03-25 03:41:51,740592.0,740709.0,2020-03-25 03:41:51
2020-03-25 03:41:52,740592.0,740709.0,2020-03-25 03:41:52
2020-03-25 03:41:53,740592.0,740709.0,2020-03-25 03:41:53
2020-03-25 03:41:54,740592.0,740709.0,2020-03-25 03:41:54
2020-03-25 03:41:55,740592.0,740709.0,2020-03-25 03:41:55
2020-03-25 03:41:56,740592.0,740709.0,2020-03-25 03:41:56
2020-03-25 03:41:57,740748.0,741422.0,2020-03-25 03:41:57
2020-03-25 03:41:58,740748.0,741422.0,2020-03-25 03:41:58
2020-03-25 03:41:59,740748.0,741422.0,2020-03-25 03:41:59
2020-03-25 03:42:00,740748.0,741422.0,2020-03-25 03:42:00
2020-03-25 03:42:01,740748.0,741422.0,2020-03-25 03:42:01
2020-03-25 03:42:02,740748.0,741422.0,2020-03-25 03:42:02
2020-03-25 03:42:03,740748.0,741422.0,2020-03-25 03:42:03
2020-03-25 03:42:05,740748.0,741422.0,2020-03-25 03:42:04
2020-03-25 03:42:06,740774.0,741673.0,2020-03-25 03:42:06
2020-03-25 03:42:07,740774.0,741673.0,2020-03-25 03:42:07
2020-03-25 03:42:08,740774.0,741673.0,2020-03-25 03:42:08
2020-03-25 03:42:09,740774.0,741673.0,2020-03-25 03:42:09
2020-03-25 03:42:10,740774.0,741673.0,2020-03-25 03:42:10
2020-03-25 03:42:11,740774.0,741673.0,2020-03-25 03:42:11
2020-03-25 03:42:12,740774.0,741673.0,2020-03-25 03:42:12
2020-03-25 03:42:13,740774.0,741673.0,2020-03-25 03:42:13
2020-03-25 03:42:14,740774.0,741673.0,2020-03-25 03:42:14
2020-03-25 03:42:15,741133.0,741768.0,2020-03-25 03:42:15
2020-03-25 03:42:16,741133.0,741768.0,2020-03-25 03:42:16
2020-03-25 03:42:17,741133.0,741768.0,2020-03-25 03:42:17
2020-03-25 03:42:18,741133.0,741768.0,2020-03-25 03:42:18
2020-03-25 03:42:19,741133.0,741768.0,2020-03-25 03:42:19
2020-03-25 03:42:20,741133.0,741768.0,2020-03-25 03:42:20
2020-03-25 03:42:22,741133.0,741768.0,2020-03-25 03:42:21
2020-03-25 03:42:23,741133.0,741768.0,2020-03-25 03:42:23
2020-03-25 03:42:24,741133.0,741768.0,2020-03-25 03:42:24
2020-03-25 03:42:25,741133.0,741768.0,2020-03-25 03:42:25
2020-03-25 03:42:26,741133.0,741768.0,2020-03-25 03:42:26
2020-03-25 03:42:27,740353.0,740898.0,2020-03-25 03:42:27
2020-03-25 03:42:28,740353.0,740898.0,2020-03-25 03:42:28
2020-03-25 03:42:29,740353.0,740898.0,2020-03-25 03:42:29
2020-03-25 03:42:30,740353.0,740898.0,2020-03-25 03:42:30
2020-03-25 03:42:31,740353.0,740898.0,2020-03-25 03:42:31
2020-03-25 03:42:32,740353.0,740898.0,2020-03-25 03:42:32
2020-03-25 03:42:33,740353.0,740898.0,2020-03-25 03:42:33
2020-03-25 03:42:34,740353.0,740898.0,2020-03-25 03:42:34
2020-03-25 03:42:35,740074.0,740710.0,2020-03-25 03:42:35
2020-03-25 03:42:36,740074.0,740710.0,2020-03-25 03:42:36
2020-03-25 03:42:37,740074.0,740710.0,2020-03-25 03:42:37
2020-03-25 03:42:38,740074.0,740710.0,2020-03-25 03:42:38
2020-03-25 03:42:39,740074.0,740710.0,2020-03-25 03:42:39
2020-03-25 03:42:41,740074.0,740710.0,2020-03-25 03:42:40
2020-03-25 03:42:42,740074.0,740710.0,2020-03-25 03:42:42
2020-03-25 03:42:43,740074.0,740710.0,2020-03-25 03:42:43
2020-03-25 03:42:44,740074.0,740710.0,2020-03-25 03:42:44
2020-03-25 03:42:45,740074.0,740710.0,2020-03-25 03:42:45
2020-03-25 03:42:46,739724.0,740544.0,2020-03-25 03:42:46
2020-03-25 03:42:47,739724.0,740544.0,2020-03-25 03:42:47
2020-03-25 03:42:48,739724.0,740544.0,2020-03-25 03:42:48
2020-03-25 03:42:49,739724.0,740544.0,2020-03-25 03:42:49
2020-03-25 03:42:50,739724.0,740544.0,2020-03-25 03:42:50
2020-03-25 03:42:51,739724.0,740544.0,2020-03-25 03:42:51
2020-03-25 03:42:52,739724.0,740544.0,2020-03-25 03:42:52
2020-03-25 03:42:53,739724.0,740544.0,2020-03-25 03:42:53
2020-03-25 03:42:54,739724.0,740544.0,2020-03-25 03:42:54
2020-03-25 03:42:55,739749.0,740214.0,2020-03-25 03:42:55
2020-03-25 03:42:56,739749.0,740214.0,2020-03-25 03:42:56
2020-03-25 03:42:57,739749.0,740214.0,2020-03-25 03:42:57
2020-03-25 03:42:58,739749.0,740214.0,2020-03-25 03:42:58
2020-03-25 03:43:00,739749.0,740214.0,2020-03-25 03:42:59
2020-03-25 03:43:01,739749.0,740214.0,2020-03-25 03:43:01
2020-03-25 03:43:02,739749.0,740214.0,2020-03-25 03:43:02
2020-03-25 03:43:03,739749.0,740214.0,2020-03-25 03:43:03
2020-03-25 03:43:04,739749.0,740214.0,2020-03-25 03:43:04
2020-03-25 03:43:05,739501.0,740216.0,2020-03-25 03:43:05
2020-03-25 03:43:06,739501.0,740216.0,2020-03-25 03:43:06
2020-03-25 03:43:07,739501.0,740216.0,2020-03-25 03:43:07
2020-03-25 03:43:08,739501.0,740216.0,2020-03-25 03:43:08
2020-03-25 03:43:09,739501.0,740216.0,2020-03-25 03:43:09
2020-03-25 03:43:10,739501.0,740216.0,2020-03-25 03:43:10
2020-03-25 03:43:11,739501.0,740216.0,2020-03-25 03:43:11
2020-03-25 03:43:12,739501.0,740216.0,2020-03-25 03:43:12
2020-03-25 03:43:13,739501.0,740216.0,2020-03-25 03:43:13
2020-03-25 03:43:14,739501.0,740216.0,2020-03-25 03:43:14
2020-03-25 03:43:16,739501.0,740216.0,2020-03-25 03:43:15
2020-03-25 03:43:17,739131.0,739834.0,2020-03-25 03:43:17
2020-03-25 03:43:18,739131.0,739834.0,2020-03-25 03:43:18
2020-03-25 03:43:19,739131.0,739834.0,2020-03-25 03:43:19
2020-03-25 03:43:20,739131.0,739834.0,2020-03-25 03:43:20
2020-03-25 03:43:21,739131.0,739834.0,2020-03-25 03:43:21
2020-03-25 03:43:22,739131.0,739834.0,2020-03-25 03:43:22
2020-03-25 03:43:23,739131.0,739834.0,2020-03-25 03:43:23
2020-03-25 03:43:24,739131.0,739834.0,2020-03-25 03:43:24
2020-03-25 03:43:25,739131.0,739834.0,2020-03-25 03:43:25
2020-03-25 03:43:26,739760.0,740391.0,2020-03-25 03:43:26
2020-03-25 03:43:27,739760.0,740391.0,2020-03-25 03:43:27
2020-03-25 03:43:28,739760.0,740391.0,2020-03-25 03:43:28
2020-03-25 03:43:29,739760.0,740391.0,2020-03-25 03:43:29
2020-03-25 03:43:30,739760.0,740391.0,2020-03-25 03:43:30
2020-03-25 03:43:31,739760.0,740391.0,2020-03-25 03:43:31
2020-03-25 03:43:32,739760.0,740391.0,2020-03-25 03:43:32
2020-03-25 03:43:34,739760.0,740391.0,2020-03-25 03:43:33
2020-03-25 03:43:35,739465.0,740010.0,2020-03-25 03:43:35
2020-03-25 03:43:36,739465.0,740010.0,2020-03-25 03:43:36
2020-03-25 03:43:37,739465.0,740010.0,2020-03-25 03:43:37
2020-03-25 03:43:38,739465.0,740010.0,2020-03-25 03:43:38
2020-03-25 03:43:39,739465.0,740010.0,2020-03-25 03:43:39
2020-03-25 03:43:40,739465.0,740010.0,2020-03-25 03:43:40
2020-03-25 03:43:41,739465.0,740010.0,2020-03-25 03:43:41
2020-03-25 03:43:42,739465.0,740010.0,2020-03-25 03:43:42
2020-03-25 03:43:43,739465.0,740010.0,2020-03-25 03:43:43
2020-03-25 03:43:44,739465.0,740010.0,2020-03-25 03:43:44
2020-03-25 03:43:45,739315.0,739697.0,2020-03-25 03:43:45
2020-03-25 03:43:46,739315.0,739697.0,2020-03-25 03:43:46
2020-03-25 03:43:47,739315.0,739697.0,2020-03-25 03:43:47
2020-03-25 03:43:48,739315.0,739697.0,2020-03-25 03:43:48
2020-03-25 03:43:49,739315.0,739697.0,2020-03-25 03:43:49
2020-03-25 03:43:50,739315.0,739697.0,2020-03-25 03:43:50
2020-03-25 03:43:51,739315.0,739697.0,2020-03-25 03:43:51
2020-03-25 03:43:52,739315.0,739697.0,2020-03-25 03:43:52
2020-03-25 03:43:54,739315.0,739697.0,2020-03-25 03:43:53
2020-03-25 03:43:55,739315.0,739697.0,2020-03-25 03:43:55
2020-03-25 03:43:56,739333.0,739888.0,2020-03-25 03:43:56
2020-03-25 03:43:57,739333.0,739888.0,2020-03-25 03:43:57
2020-03-25 03:43:58,739333.0,739888.0,2020-03-25 03:43:58
2020-03-25 03:43:59,739333.0,739888.0,2020-03-25 03:43:59
2020-03-25 03:44:00,739333.0,739888.0,2020-03-25 03:44:00
2020-03-25 03:44:01,739333.0,739888.0,2020-03-25 03:44:01
2020-03-25 03:44:02,739333.0,739888.0,2020-03-25 03:44:02
2020-03-25 03:44:03,739333.0,739888.0,2020-03-25 03:44:03
2020-03-25 03:44:04,739333.0,739888.0,2020-03-25 03:44:04
2020-03-25 03:44:05,739160.0,739680.0,2020-03-25 03:44:05
2020-03-25 03:44:06,739160.0,739680.0,2020-03-25 03:44:06
2020-03-25 03:44:07,739160.0,739680.0,2020-03-25 03:44:07
2020-03-25 03:44:08,739160.0,739680.0,2020-03-25 03:44:08
2020-03-25 03:44:09,739160.0,739680.0,2020-03-25 03:44:09
2020-03-25 03:44:10,739160.0,739680.0,2020-03-25 03:44:10
2020-03-25 03:44:11,739160.0,739680.0,2020-03-25 03:44:11
2020-03-25 03:44:13,739160.0,739680.0,2020-03-25 03:44:12
2020-03-25 03:44:14,739160.0,739680.0,2020-03-25 03:44:14
2020-03-25 03:44:15,739160.0,739680.0,2020-03-25 03:44:15
2020-03-25 03:44:16,739160.0,739680.0,2020-03-25 03:44:16
2020-03-25 03:44:17,739204.0,739577.0,2020-03-25 03:44:17
2020-03-25 03:44:18,739204.0,739577.0,2020-03-25 03:44:18
2020-03-25 03:44:19,739204.0,739577.0,2020-03-25 03:44:19
2020-03-25 03:44:20,739204.0,739577.0,2020-03-25 03:44:20
2020-03-25 03:44:21,739204.0,739577.0,2020-03-25 03:44:21
2020-03-25 03:44:22,739204.0,739577.0,2020-03-25 03:44:22
2020-03-25 03:44:23,739204.0,739577.0,2020-03-25 03:44:23
2020-03-25 03:44:24,739204.0,739577.0,2020-03-25 03:44:24
2020-03-25 03:44:25,739204.0,739577.0,2020-03-25 03:44:25
2020-03-25 03:44:26,739204.0,739577.0,2020-03-25 03:44:26
2020-03-25 03:44:27,739495.0,739870.0,2020-03-25 03:44:27
2020-03-25 03:44:28,739495.0,739870.0,2020-03-25 03:44:28
2020-03-25 03:44:29,739495.0,739870.0,2020-03-25 03:44:29
2020-03-25 03:44:31,739495.0,739870.0,2020-03-25 03:44:30
2020-03-25 03:44:32,739495.0,739870.0,2020-03-25 03:44:32
2020-03-25 03:44:33,739495.0,739870.0,2020-03-25 03:44:33
2020-03-25 03:44:34,739495.0,739870.0,2020-03-25 03:44:34
2020-03-25 03:44:35,739809.0,740340.0,2020-03-25 03:44:35
2020-03-25 03:44:36,739809.0,740340.0,2020-03-25 03:44:36
2020-03-25 03:44:37,739809.0,740340.0,2020-03-25 03:44:37
2020-03-25 03:44:38,739809.0,740340.0,2020-03-25 03:44:38
2020-03-25 03:44:39,739809.0,740340.0,2020-03-25 03:44:39
2020-03-25 03:44:40,739809.0,740340.0,2020-03-25 03:44:40
2020-03-25 03:44:41,739809.0,740340.0,2020-03-25 03:44:41
2020-03-25 03:44:42,739809.0,740340.0,2020-03-25 03:44:42
2020-03-25 03:44:43,739809.0,740340.0,2020-03-25 03:44:43
2020-03-25 03:44:45,739809.0,740340.0,2020-03-25 03:44:44
2020-03-25 03:44:46,739666.0,740379.0,2020-03-25 03:44:46
2020-03-25 03:44:47,739666.0,740379.0,2020-03-25 03:44:47
2020-03-25 03:44:48,739666.0,740379.0,2020-03-25 03:44:48
2020-03-25 03:44:49,739666.0,740379.0,2020-03-25 03:44:49
2020-03-25 03:44:50,739666.0,740379.0,2020-03-25 03:44:50
2020-03-25 03:44:51,739666.0,740379.0,2020-03-25 03:44:51
2020-03-25 03:44:52,739666.0,740379.0,2020-03-25 03:44:52
2020-03-25 03:44:53,739666.0,740379.0,2020-03-25 03:44:53
2020-03-25 03:44:54,739666.0,740379.0,2020-03-25 03:44:54
2020-03-25 03:44:55,739731.0,740390.0,2020-03-25 03:44:55
2020-03-25 03:44:56,739731.0,740390.0,2020-03-25 03:44:56
2020-03-25 03:44:57,739731.0,740390.0,2020-03-25 03:44:57
2020-03-25 03:44:58,739731.0,740390.0,2020-03-25 03:44:58
2020-03-25 03:44:59,739731.0,740390.0,2020-03-25 03:44:59
2020-03-25 03:45:00,739731.0,740390.0,2020-03-25 03:45:00
2020-03-25 03:45:02,739731.0,740390.0,2020-03-25 03:45:01
2020-03-25 03:45:03,739731.0,740390.0,2020-03-25 03:45:03
2020-03-25 03:45:04,739731.0,740390.0,2020-03-25 03:45:04
2020-03-25 03:45:05,739731.0,740390.0,2020-03-25 03:45:05
2020-03-25 03:45:06,739477.0,739812.0,2020-03-25 03:45:06
2020-03-25 03:45:07,739477.0,739812.0,2020-03-25 03:45:07
2020-03-25 03:45:08,739477.0,739812.0,2020-03-25 03:45:08
2020-03-25 03:45:09,739477.0,739812.0,2020-03-25 03:45:09
2020-03-25 03:45:10,739477.0,739812.0,2020-03-25 03:45:10
2020-03-25 03:45:11,739477.0,739812.0,2020-03-25 03:45:11
2020-03-25 03:45:12,739477.0,739812.0,2020-03-25 03:45:12
2020-03-25 03:45:13,739477.0,739812.0,2020-03-25 03:45:13
2020-03-25 03:45:14,739477.0,739812.0,2020-03-25 03:45:14
2020-03-25 03:45:15,739477.0,739812.0,2020-03-25 03:45:15
2020-03-25 03:45:16,739477.0,739812.0,2020-03-25 03:45:16
2020-03-25 03:45:17,740342.0,740436.0,2020-03-25 03:45:17
2020-03-25 03:45:19,740342.0,740436.0,2020-03-25 03:45:18
2020-03-25 03:45:20,740342.0,740436.0,2020-03-25 03:45:20
2020-03-25 03:45:21,740342.0,740436.0,2020-03-25 03:45:21
2020-03-25 03:45:22,740342.0,740436.0,2020-03-25 03:45:22
2020-03-25 03:45:23,740342.0,740436.0,2020-03-25 03:45:23
2020-03-25 03:45:24,740342.0,740436.0,2020-03-25 03:45:24
2020-03-25 03:45:25,740342.0,740436.0,2020-03-25 03:45:25
2020-03-25 03:45:26,740342.0,740436.0,2020-03-25 03:45:26
2020-03-25 03:45:27,740342.0,740436.0,2020-03-25 03:45:27
2020-03-25 03:45:28,740669.0,740888.0,2020-03-25 03:45:28
2020-03-25 03:45:29,740669.0,740888.0,2020-03-25 03:45:29
2020-03-25 03:45:30,740669.0,740888.0,2020-03-25 03:45:30
2020-03-25 03:45:31,740669.0,740888.0,2020-03-25 03:45:31
2020-03-25 03:45:32,740669.0,740888.0,2020-03-25 03:45:32
2020-03-25 03:45:33,740669.0,740888.0,2020-03-25 03:45:33
2020-03-25 03:45:34,740669.0,740888.0,2020-03-25 03:45:34
2020-03-25 03:45:35,740669.0,740888.0,2020-03-25 03:45:35
2020-03-25 03:45:36,740704.0,740888.0,2020-03-25 03:45:36
2020-03-25 03:45:38,740704.0,740888.0,2020-03-25 03:45:37
2020-03-25 03:45:39,740704.0,740888.0,2020-03-25 03:45:39
2020-03-25 03:45:40,740704.0,740888.0,2020-03-25 03:45:40
2020-03-25 03:45:41,740704.0,740888.0,2020-03-25 03:45:41
2020-03-25 03:45:42,740704.0,740888.0,2020-03-25 03:45:42
2020-03-25 03:45:43,740704.0,740888.0,2020-03-25 03:45:43
2020-03-25 03:45:44,740704.0,740888.0,2020-03-25 03:45:44
2020-03-25 03:45:45,740704.0,740888.0,2020-03-25 03:45:45
2020-03-25 03:45:46,740704.0,740888.0,2020-03-25 03:45:46
2020-03-25 03:45:47,740704.0,740888.0,2020-03-25 03:45:47
2020-03-25 03:45:48,740814.0,741206.0,2020-03-25 03:45:48
2020-03-25 03:45:49,740814.0,741206.0,2020-03-25 03:45:49
2020-03-25 03:45:50,740814.0,741206.0,2020-03-25 03:45:50
2020-03-25 03:45:51,740814.0,741206.0,2020-03-25 03:45:51
2020-03-25 03:45:52,740814.0,741206.0,2020-03-25 03:45:52
2020-03-25 03:45:53,740814.0,741206.0,2020-03-25 03:45:53
2020-03-25 03:45:54,740814.0,741206.0,2020-03-25 03:45:54
2020-03-25 03:45:56,740814.0,741206.0,2020-03-25 03:45:55
2020-03-25 03:45:57,740841.0,741206.0,2020-03-25 03:45:57
2020-03-25 03:45:58,740841.0,741206.0,2020-03-25 03:45:58
2020-03-25 03:45:59,740841.0,741206.0,2020-03-25 03:45:59
2020-03-25 03:46:00,740841.0,741206.0,2020-03-25 03:46:00
2020-03-25 03:46:01,740841.0,741206.0,2020-03-25 03:46:01
2020-03-25 03:46:02,740841.0,741206.0,2020-03-25 03:46:02
2020-03-25 03:46:03,740841.0,741206.0,2020-03-25 03:46:03
2020-03-25 03:46:04,740841.0,741206.0,2020-03-25 03:46:04
2020-03-25 03:46:05,741520.0,741661.0,2020-03-25 03:46:05
2020-03-25 03:46:06,741520.0,741661.0,2020-03-25 03:46:06
2020-03-25 03:46:07,741520.0,741661.0,2020-03-25 03:46:07
2020-03-25 03:46:08,741520.0,741661.0,2020-03-25 03:46:08
2020-03-25 03:46:09,741520.0,741661.0,2020-03-25 03:46:09
2020-03-25 03:46:10,741520.0,741661.0,2020-03-25 03:46:10
2020-03-25 03:46:11,741520.0,741661.0,2020-03-25 03:46:11
2020-03-25 03:46:12,741520.0,741661.0,2020-03-25 03:46:12
2020-03-25 03:46:14,741520.0,741661.0,2020-03-25 03:46:13
2020-03-25 03:46:15,741520.0,741661.0,2020-03-25 03:46:15
2020-03-25 03:46:16,740457.0,741085.0,2020-03-25 03:46:16
2020-03-25 03:46:17,740457.0,741085.0,2020-03-25 03:46:17
2020-03-25 03:46:18,740457.0,741085.0,2020-03-25 03:46:18
2020-03-25 03:46:19,740457.0,741085.0,2020-03-25 03:46:19
2020-03-25 03:46:20,740457.0,741085.0,2020-03-25 03:46:20
2020-03-25 03:46:21,740457.0,741085.0,2020-03-25 03:46:21
2020-03-25 03:46:22,740457.0,741085.0,2020-03-25 03:46:22
2020-03-25 03:46:23,740457.0,741085.0,2020-03-25 03:46:23
2020-03-25 03:46:24,740457.0,741085.0,2020-03-25 03:46:24
2020-03-25 03:46:25,740457.0,741085.0,2020-03-25 03:46:25
2020-03-25 03:46:26,739899.0,740045.0,2020-03-25 03:46:26
2020-03-25 03:46:27,739899.0,740045.0,2020-03-25 03:46:27
2020-03-25 03:46:28,739899.0,740045.0,2020-03-25 03:46:28
2020-03-25 03:46:30,739899.0,740045.0,2020-03-25 03:46:29
2020-03-25 03:46:31,739899.0,740045.0,2020-03-25 03:46:31
2020-03-25 03:46:32,739899.0,740045.0,2020-03-25 03:46:32
2020-03-25 03:46:33,739899.0,740045.0,2020-03-25 03:46:33
2020-03-25 03:46:34,739899.0,740045.0,2020-03-25 03:46:34
2020-03-25 03:46:35,739709.0,739951.0,2020-03-25 03:46:35
2020-03-25 03:46:36,739709.0,739951.0,2020-03-25 03:46:36
2020-03-25 03:46:37,739709.0,739951.0,2020-03-25 03:46:37
2020-03-25 03:46:38,739709.0,739951.0,2020-03-25 03:46:38
2020-03-25 03:46:39,739709.0,739951.0,2020-03-25 03:46:39
2020-03-25 03:46:40,739709.0,739951.0,2020-03-25 03:46:40
2020-03-25 03:46:41,739709.0,739951.0,2020-03-25 03:46:41
2020-03-25 03:46:42,739709.0,739951.0,2020-03-25 03:46:42
2020-03-25 03:46:43,739709.0,739951.0,2020-03-25 03:46:43
2020-03-25 03:46:44,739709.0,739951.0,2020-03-25 03:46:44
2020-03-25 03:46:45,739849.0,740402.0,2020-03-25 03:46:45
2020-03-25 03:46:46,739849.0,740402.0,2020-03-25 03:46:46
2020-03-25 03:46:47,739849.0,740402.0,2020-03-25 03:46:47
2020-03-25 03:46:48,739849.0,740402.0,2020-03-25 03:46:48
2020-03-25 03:46:50,739849.0,740402.0,2020-03-25 03:46:49
2020-03-25 03:46:51,739849.0,740402.0,2020-03-25 03:46:51
2020-03-25 03:46:52,739849.0,740402.0,2020-03-25 03:46:52
2020-03-25 03:46:53,739849.0,740402.0,2020-03-25 03:46:53
2020-03-25 03:46:54,739849.0,740402.0,2020-03-25 03:46:54
2020-03-25 03:46:55,739621.0,740344.0,2020-03-25 03:46:55
2020-03-25 03:46:56,739621.0,740344.0,2020-03-25 03:46:56
2020-03-25 03:46:57,739621.0,740344.0,2020-03-25 03:46:57
2020-03-25 03:46:58,739621.0,740344.0,2020-03-25 03:46:58
2020-03-25 03:46:59,739621.0,740344.0,2020-03-25 03:46:59
2020-03-25 03:47:00,739621.0,740344.0,2020-03-25 03:47:00
2020-03-25 03:47:01,739621.0,740344.0,2020-03-25 03:47:01
2020-03-25 03:47:02,739621.0,740344.0,2020-03-25 03:47:02
2020-03-25 03:47:04,739621.0,740344.0,2020-03-25 03:47:03
2020-03-25 03:47:05,739621.0,740344.0,2020-03-25 03:47:05
2020-03-25 03:47:06,739395.0,740017.0,2020-03-25 03:47:06
2020-03-25 03:47:07,739395.0,740017.0,2020-03-25 03:47:07
2020-03-25 03:47:08,739395.0,740017.0,2020-03-25 03:47:08
2020-03-25 03:47:09,739395.0,740017.0,2020-03-25 03:47:09
2020-03-25 03:47:10,739395.0,740017.0,2020-03-25 03:47:10
2020-03-25 03:47:11,739395.0,740017.0,2020-03-25 03:47:11
2020-03-25 03:47:12,739395.0,740017.0,2020-03-25 03:47:12
2020-03-25 03:47:13,739395.0,740017.0,2020-03-25 03:47:13
2020-03-25 03:47:14,739395.0,740017.0,2020-03-25 03:47:14
2020-03-25 03:47:15,739395.0,740017.0,2020-03-25 03:47:15
2020-03-25 03:47:16,739395.0,740017.0,2020-03-25 03:47:16
2020-03-25 03:47:17,739885.0,740262.0,2020-03-25 03:47:17
2020-03-25 03:47:18,739885.0,740262.0,2020-03-25 03:47:18
2020-03-25 03:47:19,739885.0,740262.0,2020-03-25 03:47:19
2020-03-25 03:47:20,739885.0,740262.0,2020-03-25 03:47:20
2020-03-25 03:47:21,739885.0,740262.0,2020-03-25 03:47:21
2020-03-25 03:47:22,739885.0,740262.0,2020-03-25 03:47:22
2020-03-25 03:47:24,739885.0,740262.0,2020-03-25 03:47:23
2020-03-25 03:47:25,739595.0,739677.0,2020-03-25 03:47:25
2020-03-25 03:47:26,739595.0,739677.0,2020-03-25 03:47:26
2020-03-25 03:47:27,739595.0,739677.0,2020-03-25 03:47:27
2020-03-25 03:47:28,739595.0,739677.0,2020-03-25 03:47:28
2020-03-25 03:47:29,739595.0,739677.0,2020-03-25 03:47:29
2020-03-25 03:47:30,739595.0,739677.0,2020-03-25 03:47:30
2020-03-25 03:47:31,739595.0,739677.0,2020-03-25 03:47:31
2020-03-25 03:47:32,739595.0,739677.0,2020-03-25 03:47:32
2020-03-25 03:47:33,739595.0,739677.0,2020-03-25 03:47:33
2020-03-25 03:47:34,739595.0,739677.0,2020-03-25 03:47:34
2020-03-25 03:47:35,739595.0,739677.0,2020-03-25 03:47:35
2020-03-25 03:47:36,739422.0,739807.0,2020-03-25 03:47:36
2020-03-25 03:47:37,739422.0,739807.0,2020-03-25 03:47:37
2020-03-25 03:47:38,739422.0,739807.0,2020-03-25 03:47:38
2020-03-25 03:47:39,739422.0,739807.0,2020-03-25 03:47:39
2020-03-25 03:47:40,739422.0,739807.0,2020-03-25 03:47:40
2020-03-25 03:47:42,739422.0,739807.0,2020-03-25 03:47:41
2020-03-25 03:47:43,739422.0,739807.0,2020-03-25 03:47:43
2020-03-25 03:47:44,739422.0,739807.0,2020-03-25 03:47:44
2020-03-25 03:47:45,739422.0,739807.0,2020-03-25 03:47:45
2020-03-25 03:47:46,739404.0,739913.0,2020-03-25 03:47:46
2020-03-25 03:47:47,739404.0,739913.0,2020-03-25 03:47:47
2020-03-25 03:47:48,739404.0,739913.0,2020-03-25 03:47:48
2020-03-25 03:47:49,739404.0,739913.0,2020-03-25 03:47:49
2020-03-25 03:47:50,739404.0,739913.0,2020-03-25 03:47:50
2020-03-25 03:47:51,739404.0,739913.0,2020-03-25 03:47:51
2020-03-25 03:47:52,739404.0,739913.0,2020-03-25 03:47:52
2020-03-25 03:47:53,739404.0,739913.0,2020-03-25 03:47:53
2020-03-25 03:47:54,739404.0,739913.0,2020-03-25 03:47:54
2020-03-25 03:47:55,739404.0,739913.0,2020-03-25 03:47:55
2020-03-25 03:47:56,739317.0,739754.0,2020-03-25 03:47:56
2020-03-25 03:47:57,739317.0,739754.0,2020-03-25 03:47:57
2020-03-25 03:47:58,739317.0,739754.0,2020-03-25 03:47:58
2020-03-25 03:47:59,739317.0,739754.0,2020-03-25 03:47:59
2020-03-25 03:48:00,739317.0,739754.0,2020-03-25 03:48:00
2020-03-25 03:48:02,739317.0,739754.0,2020-03-25 03:48:01
2020-03-25 03:48:03,739317.0,739754.0,2020-03-25 03:48:03
2020-03-25 03:48:04,739317.0,739754.0,2020-03-25 03:48:04
2020-03-25 03:48:05,739317.0,739754.0,2020-03-25 03:48:05
2020-03-25 03:48:06,740294.0,740975.0,2020-03-25 03:48:06
2020-03-25 03:48:07,740294.0,740975.0,2020-03-25 03:48:07
2020-03-25 03:48:08,740294.0,740975.0,2020-03-25 03:48:08
2020-03-25 03:48:09,740294.0,740975.0,2020-03-25 03:48:09
2020-03-25 03:48:10,740294.0,740975.0,2020-03-25 03:48:10
2020-03-25 03:48:11,740294.0,740975.0,2020-03-25 03:48:11
2020-03-25 03:48:12,740294.0,740975.0,2020-03-25 03:48:12
2020-03-25 03:48:13,740294.0,740975.0,2020-03-25 03:48:13
2020-03-25 03:48:14,740294.0,740975.0,2020-03-25 03:48:14
2020-03-25 03:48:16,740294.0,740975.0,2020-03-25 03:48:15
2020-03-25 03:48:17,740569.0,741159.0,2020-03-25 03:48:17
2020-03-25 03:48:18,740569.0,741159.0,2020-03-25 03:48:18
2020-03-25 03:48:19,740569.0,741159.0,2020-03-25 03:48:19
2020-03-25 03:48:20,740569.0,741159.0,2020-03-25 03:48:20
2020-03-25 03:48:21,740569.0,741159.0,2020-03-25 03:48:21
2020-03-25 03:48:22,740569.0,741159.0,2020-03-25 03:48:22
2020-03-25 03:48:23,740569.0,741159.0,2020-03-25 03:48:23
2020-03-25 03:48:24,740569.0,741159.0,2020-03-25 03:48:24
2020-03-25 03:48:25,740569.0,741159.0,2020-03-25 03:48:25
2020-03-25 03:48:26,739857.0,740229.0,2020-03-25 03:48:26
2020-03-25 03:48:27,739857.0,740229.0,2020-03-25 03:48:27
2020-03-25 03:48:28,739857.0,740229.0,2020-03-25 03:48:28
2020-03-25 03:48:29,739857.0,740229.0,2020-03-25 03:48:29
2020-03-25 03:48:30,739857.0,740229.0,2020-03-25 03:48:30
2020-03-25 03:48:32,739857.0,740229.0,2020-03-25 03:48:31
2020-03-25 03:48:33,739857.0,740229.0,2020-03-25 03:48:33
2020-03-25 03:48:34,739857.0,740229.0,2020-03-25 03:48:34
2020-03-25 03:48:35,739857.0,740229.0,2020-03-25 03:48:35
2020-03-25 03:48:36,739432.0,740074.0,2020-03-25 03:48:36
2020-03-25 03:48:37,739432.0,740074.0,2020-03-25 03:48:37
2020-03-25 03:48:38,739432.0,740074.0,2020-03-25 03:48:38
2020-03-25 03:48:39,739432.0,740074.0,2020-03-25 03:48:39
2020-03-25 03:48:40,739432.0,740074.0,2020-03-25 03:48:40
2020-03-25 03:48:41,739432.0,740074.0,2020-03-25 03:48:41
2020-03-25 03:48:42,739432.0,740074.0,2020-03-25 03:48:42
2020-03-25 03:48:43,739432.0,740074.0,2020-03-25 03:48:43
2020-03-25 03:48:44,739432.0,740074.0,2020-03-25 03:48:44
2020-03-25 03:48:46,739432.0,740074.0,2020-03-25 03:48:45
2020-03-25 03:48:47,739432.0,740074.0,2020-03-25 03:48:47
2020-03-25 03:48:48,739416.0,740004.0,2020-03-25 03:48:48
2020-03-25 03:48:49,739416.0,740004.0,2020-03-25 03:48:49
2020-03-25 03:48:50,739416.0,740004.0,2020-03-25 03:48:50
2020-03-25 03:48:51,739416.0,740004.0,2020-03-25 03:48:51
2020-03-25 03:48:52,739416.0,740004.0,2020-03-25 03:48:52
2020-03-25 03:48:53,739416.0,740004.0,2020-03-25 03:48:53
2020-03-25 03:48:54,739416.0,740004.0,2020-03-25 03:48:54
2020-03-25 03:48:55,739416.0,740004.0,2020-03-25 03:48:55
2020-03-25 03:48:56,739416.0,740004.0,2020-03-25 03:48:56
2020-03-25 03:48:57,739191.0,739336.0,2020-03-25 03:48:57
2020-03-25 03:48:58,739191.0,739336.0,2020-03-25 03:48:58
2020-03-25 03:48:59,739191.0,739336.0,2020-03-25 03:48:59
2020-03-25 03:49:00,739191.0,739336.0,2020-03-25 03:49:00
2020-03-25 03:49:01,739191.0,739336.0,2020-03-25 03:49:01
2020-03-25 03:49:02,739191.0,739336.0,2020-03-25 03:49:02
2020-03-25 03:49:03,739191.0,739336.0,2020-03-25 03:49:03
2020-03-25 03:49:05,739145.0,739582.0,2020-03-25 03:49:04
2020-03-25 03:49:06,739145.0,739582.0,2020-03-25 03:49:06
2020-03-25 03:49:07,739145.0,739582.0,2020-03-25 03:49:07
2020-03-25 03:49:08,739145.0,739582.0,2020-03-25 03:49:08
2020-03-25 03:49:09,739145.0,739582.0,2020-03-25 03:49:09
2020-03-25 03:49:10,739145.0,739582.0,2020-03-25 03:49:10
2020-03-25 03:49:11,739145.0,739582.0,2020-03-25 03:49:11
2020-03-25 03:49:12,739145.0,739582.0,2020-03-25 03:49:12
2020-03-25 03:49:13,739145.0,739582.0,2020-03-25 03:49:13
2020-03-25 03:49:14,739734.0,740408.0,2020-03-25 03:49:14
2020-03-25 03:49:15,739734.0,740408.0,2020-03-25 03:49:15
2020-03-25 03:49:16,739734.0,740408.0,2020-03-25 03:49:16
2020-03-25 03:49:17,739734.0,740408.0,2020-03-25 03:49:17
2020-03-25 03:49:18,739734.0,740408.0,2020-03-25 03:49:18
2020-03-25 03:49:19,739734.0,740408.0,2020-03-25 03:49:19
2020-03-25 03:49:21,739734.0,740408.0,2020-03-25 03:49:20
2020-03-25 03:49:22,739734.0,740408.0,2020-03-25 03:49:22
2020-03-25 03:49:23,739734.0,740408.0,2020-03-25 03:49:23
2020-03-25 03:49:24,739734.0,740408.0,2020-03-25 03:49:24
2020-03-25 03:49:25,739734.0,740408.0,2020-03-25 03:49:25
2020-03-25 03:49:26,739914.0,740550.0,2020-03-25 03:49:26
2020-03-25 03:49:27,739914.0,740550.0,2020-03-25 03:49:27
2020-03-25 03:49:28,739914.0,740550.0,2020-03-25 03:49:28
2020-03-25 03:49:29,739914.0,740550.0,2020-03-25 03:49:29
2020-03-25 03:49:30,739914.0,740550.0,2020-03-25 03:49:30
2020-03-25 03:49:31,739914.0,740550.0,2020-03-25 03:49:31
2020-03-25 03:49:32,739914.0,740550.0,2020-03-25 03:49:32
2020-03-25 03:49:33,739914.0,740550.0,2020-03-25 03:49:33
2020-03-25 03:49:34,741164.0,741165.0,2020-03-25 03:49:34
2020-03-25 03:49:35,741164.0,741165.0,2020-03-25 03:49:35
2020-03-25 03:49:36,741164.0,741165.0,2020-03-25 03:49:36
2020-03-25 03:49:38,741164.0,741165.0,2020-03-25 03:49:37
2020-03-25 03:49:39,741164.0,741165.0,2020-03-25 03:49:39
2020-03-25 03:49:40,741164.0,741165.0,2020-03-25 03:49:40
2020-03-25 03:49:41,741164.0,741165.0,2020-03-25 03:49:41
2020-03-25 03:49:42,741164.0,741165.0,2020-03-25 03:49:42
2020-03-25 03:49:43,741164.0,741165.0,2020-03-25 03:49:43
2020-03-25 03:49:44,741164.0,741165.0,2020-03-25 03:49:44
2020-03-25 03:49:45,741164.0,741165.0,2020-03-25 03:49:45
2020-03-25 03:49:46,740725.0,741330.0,2020-03-25 03:49:46
2020-03-25 03:49:47,740725.0,741330.0,2020-03-25 03:49:47
2020-03-25 03:49:48,740725.0,741330.0,2020-03-25 03:49:48
2020-03-25 03:49:49,740725.0,741330.0,2020-03-25 03:49:49
2020-03-25 03:49:50,740725.0,741330.0,2020-03-25 03:49:50
2020-03-25 03:49:51,740725.0,741330.0,2020-03-25 03:49:51
2020-03-25 03:49:52,740725.0,741330.0,2020-03-25 03:49:52
2020-03-25 03:49:53,740725.0,741330.0,2020-03-25 03:49:53
2020-03-25 03:49:54,740725.0,741330.0,2020-03-25 03:49:54
2020-03-25 03:49:56,740725.0,741330.0,2020-03-25 03:49:55
2020-03-25 03:49:57,740347.0,740808.0,2020-03-25 03:49:57
2020-03-25 03:49:58,740347.0,740808.0,2020-03-25 03:49:58
2020-03-25 03:49:59,740347.0,740808.0,2020-03-25 03:49:59
2020-03-25 03:50:00,740347.0,740808.0,2020-03-25 03:50:00
2020-03-25 03:50:01,740347.0,740808.0,2020-03-25 03:50:01
2020-03-25 03:50:02,740347.0,740808.0,2020-03-25 03:50:02
2020-03-25 03:50:03,740347.0,740808.0,2020-03-25 03:50:03
2020-03-25 03:50:04,740347.0,740808.0,2020-03-25 03:50:04
2020-03-25 03:50:05,740347.0,740808.0,2020-03-25 03:50:05
2020-03-25 03:50:06,740347.0,740808.0,2020-03-25 03:50:06
2020-03-25 03:50:07,740347.0,740808.0,2020-03-25 03:50:07
2020-03-25 03:50:08,740790.0,741178.0,2020-03-25 03:50:08
2020-03-25 03:50:09,740790.0,741178.0,2020-03-25 03:50:09
2020-03-25 03:50:10,740790.0,741178.0,2020-03-25 03:50:10
2020-03-25 03:50:11,740790.0,741178.0,2020-03-25 03:50:11
2020-03-25 03:50:12,740790.0,741178.0,2020-03-25 03:50:12
2020-03-25 03:50:14,740790.0,741178.0,2020-03-25 03:50:13
2020-03-25 03:50:15,740790.0,741178.0,2020-03-25 03:50:15
2020-03-25 03:50:16,740790.0,741178.0,2020-03-25 03:50:16
2020-03-25 03:50:17,740790.0,741178.0,2020-03-25 03:50:17
2020-03-25 03:50:18,740790.0,741178.0,2020-03-25 03:50:18
2020-03-25 03:50:19,740179.0,740872.0,2020-03-25 03:50:19
2020-03-25 03:50:20,740179.0,740872.0,2020-03-25 03:50:20
2020-03-25 03:50:21,740179.0,740872.0,2020-03-25 03:50:21
2020-03-25 03:50:22,740179.0,740872.0,2020-03-25 03:50:22
2020-03-25 03:50:23,740179.0,740872.0,2020-03-25 03:50:23
2020-03-25 03:50:24,740179.0,740872.0,2020-03-25 03:50:24
2020-03-25 03:50:25,740179.0,740872.0,2020-03-25 03:50:25
2020-03-25 03:50:26,740179.0,740872.0,2020-03-25 03:50:26
2020-03-25 03:50:27,740179.0,740872.0,2020-03-25 03:50:27
2020-03-25 03:50:28,740179.0,740872.0,2020-03-25 03:50:28
2020-03-25 03:50:29,741366.0,741471.0,2020-03-25 03:50:29
2020-03-25 03:50:31,741366.0,741471.0,2020-03-25 03:50:31
2020-03-25 03:50:32,741366.0,741471.0,2020-03-25 03:50:32
2020-03-25 03:50:33,741366.0,741471.0,2020-03-25 03:50:33
2020-03-25 03:50:34,741366.0,741471.0,2020-03-25 03:50:34
2020-03-25 03:50:35,741366.0,741471.0,2020-03-25 03:50:35
2020-03-25 03:50:36,741366.0,741471.0,2020-03-25 03:50:36
2020-03-25 03:50:37,741366.0,741471.0,2020-03-25 03:50:37
2020-03-25 03:50:38,741366.0,741471.0,2020-03-25 03:50:38
2020-03-25 03:50:39,741108.0,741732.0,2020-03-25 03:50:39
2020-03-25 03:50:40,741108.0,741732.0,2020-03-25 03:50:40
2020-03-25 03:50:41,741108.0,741732.0,2020-03-25 03:50:41
2020-03-25 03:50:42,741108.0,741732.0,2020-03-25 03:50:42
2020-03-25 03:50:43,741108.0,741732.0,2020-03-25 03:50:43
2020-03-25 03:50:44,741108.0,741732.0,2020-03-25 03:50:44
2020-03-25 03:50:45,741108.0,741732.0,2020-03-25 03:50:45
2020-03-25 03:50:46,741108.0,741732.0,2020-03-25 03:50:46
2020-03-25 03:50:48,741108.0,741732.0,2020-03-25 03:50:47
2020-03-25 03:50:49,741063.0,741634.0,2020-03-25 03:50:49
2020-03-25 03:50:50,741063.0,741634.0,2020-03-25 03:50:50
2020-03-25 03:50:51,741063.0,741634.0,2020-03-25 03:50:51
2020-03-25 03:50:52,741063.0,741634.0,2020-03-25 03:50:52
2020-03-25 03:50:53,741063.0,741634.0,2020-03-25 03:50:53
2020-03-25 03:50:54,741063.0,741634.0,2020-03-25 03:50:54
2020-03-25 03:50:55,741063.0,741634.0,2020-03-25 03:50:55
2020-03-25 03:50:56,741063.0,741634.0,2020-03-25 03:50:56
2020-03-25 03:50:57,741063.0,741634.0,2020-03-25 03:50:57
2020-03-25 03:50:58,741063.0,741634.0,2020-03-25 03:50:58
2020-03-25 03:50:59,741063.0,741634.0,2020-03-25 03:50:59
2020-03-25 03:51:00,741276.0,741728.0,2020-03-25 03:51:00
2020-03-25 03:51:01,741276.0,741728.0,2020-03-25 03:51:01
2020-03-25 03:51:02,741276.0,741728.0,2020-03-25 03:51:02
2020-03-25 03:51:03,741276.0,741728.0,2020-03-25 03:51:03
2020-03-25 03:51:04,741276.0,741728.0,2020-03-25 03:51:04
2020-03-25 03:51:06,741276.0,741728.0,2020-03-25 03:51:05
2020-03-25 03:51:07,741737.0,741947.0,2020-03-25 03:51:07
2020-03-25 03:51:08,741737.0,741947.0,2020-03-25 03:51:08
2020-03-25 03:51:09,741737.0,741947.0,2020-03-25 03:51:09
2020-03-25 03:51:10,741737.0,741947.0,2020-03-25 03:51:10
2020-03-25 03:51:11,741737.0,741947.0,2020-03-25 03:51:11
2020-03-25 03:51:12,741737.0,741947.0,2020-03-25 03:51:12
2020-03-25 03:51:13,741737.0,741947.0,2020-03-25 03:51:13
2020-03-25 03:51:14,741737.0,741947.0,2020-03-25 03:51:14
2020-03-25 03:51:15,741737.0,741947.0,2020-03-25 03:51:15
2020-03-25 03:51:16,741127.0,741809.0,2020-03-25 03:51:16
2020-03-25 03:51:17,741127.0,741809.0,2020-03-25 03:51:17
2020-03-25 03:51:18,741127.0,741809.0,2020-03-25 03:51:18
2020-03-25 03:51:19,741127.0,741809.0,2020-03-25 03:51:19
2020-03-25 03:51:20,741127.0,741809.0,2020-03-25 03:51:20
2020-03-25 03:51:21,741127.0,741809.0,2020-03-25 03:51:21
2020-03-25 03:51:22,741127.0,741809.0,2020-03-25 03:51:22
2020-03-25 03:51:23,741127.0,741809.0,2020-03-25 03:51:23
2020-03-25 03:51:25,741127.0,741809.0,2020-03-25 03:51:24
2020-03-25 03:51:26,741127.0,741809.0,2020-03-25 03:51:26
2020-03-25 03:51:27,741127.0,741809.0,2020-03-25 03:51:27
2020-03-25 03:51:28,741127.0,741809.0,2020-03-25 03:51:28
2020-03-25 03:51:29,741127.0,741809.0,2020-03-25 03:51:29
2020-03-25 03:51:30,741358.0,741907.0,2020-03-25 03:51:30
2020-03-25 03:51:31,741358.0,741907.0,2020-03-25 03:51:31
2020-03-25 03:51:32,741358.0,741907.0,2020-03-25 03:51:32
2020-03-25 03:51:33,741358.0,741907.0,2020-03-25 03:51:33
2020-03-25 03:51:34,741358.0,741907.0,2020-03-25 03:51:34
2020-03-25 03:51:35,741358.0,741907.0,2020-03-25 03:51:35
2020-03-25 03:51:36,741358.0,741907.0,2020-03-25 03:51:36
2020-03-25 03:51:37,741134.0,741768.0,2020-03-25 03:51:37
2020-03-25 03:51:39,741134.0,741768.0,2020-03-25 03:51:38
2020-03-25 03:51:40,741134.0,741768.0,2020-03-25 03:51:40
2020-03-25 03:51:41,741134.0,741768.0,2020-03-25 03:51:41
2020-03-25 03:51:42,741134.0,741768.0,2020-03-25 03:51:42
2020-03-25 03:51:43,741134.0,741768.0,2020-03-25 03:51:43
2020-03-25 03:51:44,741134.0,741768.0,2020-03-25 03:51:44
2020-03-25 03:51:45,741134.0,741768.0,2020-03-25 03:51:45
2020-03-25 03:51:46,740781.0,740796.0,2020-03-25 03:51:46
2020-03-25 03:51:47,740781.0,740796.0,2020-03-25 03:51:47
2020-03-25 03:51:48,740781.0,740796.0,2020-03-25 03:51:48
2020-03-25 03:51:49,740781.0,740796.0,2020-03-25 03:51:49
2020-03-25 03:51:50,740781.0,740796.0,2020-03-25 03:51:50
2020-03-25 03:51:51,740781.0,740796.0,2020-03-25 03:51:51
2020-03-25 03:51:52,740781.0,740796.0,2020-03-25 03:51:52
2020-03-25 03:51:53,740781.0,740796.0,2020-03-25 03:51:53
2020-03-25 03:51:54,740781.0,740796.0,2020-03-25 03:51:54
2020-03-25 03:51:55,740781.0,740796.0,2020-03-25 03:51:55
2020-03-25 03:51:57,740781.0,740796.0,2020-03-25 03:51:56
2020-03-25 03:51:58,740905.0,741434.0,2020-03-25 03:51:58
2020-03-25 03:51:59,740905.0,741434.0,2020-03-25 03:51:59
2020-03-25 03:52:00,740905.0,741434.0,2020-03-25 03:52:00
2020-03-25 03:52:01,740905.0,741434.0,2020-03-25 03:52:01
2020-03-25 03:52:02,740905.0,741434.0,2020-03-25 03:52:02
2020-03-25 03:52:03,740905.0,741434.0,2020-03-25 03:52:03
2020-03-25 03:52:06,740905.0,741434.0,2020-03-25 03:52:04
2020-03-25 03:52:08,740926.0,741400.0,2020-03-25 03:52:07
2020-03-25 03:52:09,740926.0,741400.0,2020-03-25 03:52:09
2020-03-25 03:52:10,740926.0,741400.0,2020-03-25 03:52:10
2020-03-25 03:52:11,740926.0,741400.0,2020-03-25 03:52:11
2020-03-25 03:52:12,740926.0,741400.0,2020-03-25 03:52:12
2020-03-25 03:52:13,740926.0,741400.0,2020-03-25 03:52:13
2020-03-25 03:52:17,740926.0,741400.0,2020-03-25 03:52:14
2020-03-25 03:52:18,741553.0,741766.0,2020-03-25 03:52:18
2020-03-25 03:52:19,741553.0,741766.0,2020-03-25 03:52:19
2020-03-25 03:52:20,741553.0,741766.0,2020-03-25 03:52:20
2020-03-25 03:52:21,741553.0,741766.0,2020-03-25 03:52:21
2020-03-25 03:52:23,741553.0,741766.0,2020-03-25 03:52:22
2020-03-25 03:52:24,741553.0,741766.0,2020-03-25 03:52:24
2020-03-25 03:52:25,741553.0,741766.0,2020-03-25 03:52:25
2020-03-25 03:52:26,741435.0,741753.0,2020-03-25 03:52:26
2020-03-25 03:52:27,741435.0,741753.0,2020-03-25 03:52:27
2020-03-25 03:52:28,741435.0,741753.0,2020-03-25 03:52:28
2020-03-25 03:52:29,741435.0,741753.0,2020-03-25 03:52:29
2020-03-25 03:52:30,741435.0,741753.0,2020-03-25 03:52:30
2020-03-25 03:52:31,741435.0,741753.0,2020-03-25 03:52:31
2020-03-25 03:52:32,741435.0,741753.0,2020-03-25 03:52:32
2020-03-25 03:52:33,741435.0,741753.0,2020-03-25 03:52:33
2020-03-25 03:52:34,741435.0,741753.0,2020-03-25 03:52:34
2020-03-25 03:52:35,741435.0,741753.0,2020-03-25 03:52:35
2020-03-25 03:52:37,740991.0,741399.0,2020-03-25 03:52:36
2020-03-25 03:52:38,740991.0,741399.0,2020-03-25 03:52:38
2020-03-25 03:52:39,740991.0,741399.0,2020-03-25 03:52:39
2020-03-25 03:52:40,740991.0,741399.0,2020-03-25 03:52:40
2020-03-25 03:52:41,740991.0,741399.0,2020-03-25 03:52:41
2020-03-25 03:52:42,740991.0,741399.0,2020-03-25 03:52:42
2020-03-25 03:52:43,740991.0,741399.0,2020-03-25 03:52:43
2020-03-25 03:52:44,740991.0,741399.0,2020-03-25 03:52:44
2020-03-25 03:52:45,740991.0,741399.0,2020-03-25 03:52:45
2020-03-25 03:52:46,740991.0,741399.0,2020-03-25 03:52:46
2020-03-25 03:52:47,740991.0,741399.0,2020-03-25 03:52:47
2020-03-25 03:52:48,741196.0,741354.0,2020-03-25 03:52:48
2020-03-25 03:52:49,741196.0,741354.0,2020-03-25 03:52:49
2020-03-25 03:52:50,741196.0,741354.0,2020-03-25 03:52:50
2020-03-25 03:52:51,741196.0,741354.0,2020-03-25 03:52:51
2020-03-25 03:52:52,741196.0,741354.0,2020-03-25 03:52:52
2020-03-25 03:52:53,741196.0,741354.0,2020-03-25 03:52:53
2020-03-25 03:52:54,741196.0,741354.0,2020-03-25 03:52:54
2020-03-25 03:52:56,741196.0,741354.0,2020-03-25 03:52:55
2020-03-25 03:52:57,741196.0,741354.0,2020-03-25 03:52:57
2020-03-25 03:52:58,741385.0,741757.0,2020-03-25 03:52:58
2020-03-25 03:52:59,741385.0,741757.0,2020-03-25 03:52:59
2020-03-25 03:53:00,741385.0,741757.0,2020-03-25 03:53:00
2020-03-25 03:53:01,741385.0,741757.0,2020-03-25 03:53:01
2020-03-25 03:53:02,741385.0,741757.0,2020-03-25 03:53:02
2020-03-25 03:53:03,741385.0,741757.0,2020-03-25 03:53:03
2020-03-25 03:53:04,741385.0,741757.0,2020-03-25 03:53:04
2020-03-25 03:53:05,741435.0,741765.0,2020-03-25 03:53:05
2020-03-25 03:53:06,741435.0,741765.0,2020-03-25 03:53:06
2020-03-25 03:53:07,741435.0,741765.0,2020-03-25 03:53:07
2020-03-25 03:53:08,741435.0,741765.0,2020-03-25 03:53:08
2020-03-25 03:53:09,741435.0,741765.0,2020-03-25 03:53:09
2020-03-25 03:53:10,741435.0,741765.0,2020-03-25 03:53:10
2020-03-25 03:53:11,741435.0,741765.0,2020-03-25 03:53:11
2020-03-25 03:53:12,741435.0,741765.0,2020-03-25 03:53:12
2020-03-25 03:53:14,741435.0,741765.0,2020-03-25 03:53:13
2020-03-25 03:53:15,741435.0,741765.0,2020-03-25 03:53:15
2020-03-25 03:53:16,741479.0,742200.0,2020-03-25 03:53:16
2020-03-25 03:53:17,741479.0,742200.0,2020-03-25 03:53:17
2020-03-25 03:53:18,741479.0,742200.0,2020-03-25 03:53:18
2020-03-25 03:53:19,741479.0,742200.0,2020-03-25 03:53:19
2020-03-25 03:53:20,741479.0,742200.0,2020-03-25 03:53:20
2020-03-25 03:53:21,741479.0,742200.0,2020-03-25 03:53:21
2020-03-25 03:53:22,741479.0,742200.0,2020-03-25 03:53:22
2020-03-25 03:53:23,741479.0,742200.0,2020-03-25 03:53:23
2020-03-25 03:53:24,741479.0,742200.0,2020-03-25 03:53:24
2020-03-25 03:53:25,742155.0,742469.0,2020-03-25 03:53:25
2020-03-25 03:53:26,742155.0,742469.0,2020-03-25 03:53:26
2020-03-25 03:53:27,742155.0,742469.0,2020-03-25 03:53:27
2020-03-25 03:53:28,742155.0,742469.0,2020-03-25 03:53:28
2020-03-25 03:53:30,742155.0,742469.0,2020-03-25 03:53:29
2020-03-25 03:53:31,742155.0,742469.0,2020-03-25 03:53:31
2020-03-25 03:53:32,742155.0,742469.0,2020-03-25 03:53:32
2020-03-25 03:53:33,742155.0,742469.0,2020-03-25 03:53:33
2020-03-25 03:53:34,742155.0,742469.0,2020-03-25 03:53:34
2020-03-25 03:53:35,742155.0,742469.0,2020-03-25 03:53:35
2020-03-25 03:53:36,741736.0,742323.0,2020-03-25 03:53:36
2020-03-25 03:53:37,741736.0,742323.0,2020-03-25 03:53:37
2020-03-25 03:53:38,741736.0,742323.0,2020-03-25 03:53:38
2020-03-25 03:53:39,741736.0,742323.0,2020-03-25 03:53:39
2020-03-25 03:53:40,741736.0,742323.0,2020-03-25 03:53:40
2020-03-25 03:53:41,741736.0,742323.0,2020-03-25 03:53:41
2020-03-25 03:53:42,741736.0,742323.0,2020-03-25 03:53:42
2020-03-25 03:53:43,741736.0,742323.0,2020-03-25 03:53:43
2020-03-25 03:53:44,741736.0,742323.0,2020-03-25 03:53:44
2020-03-25 03:53:45,741736.0,742323.0,2020-03-25 03:53:45
2020-03-25 03:53:46,741736.0,742323.0,2020-03-25 03:53:46
2020-03-25 03:53:47,741736.0,742323.0,2020-03-25 03:53:47
2020-03-25 03:53:49,741736.0,742323.0,2020-03-25 03:53:49
2020-03-25 03:53:50,741905.0,742472.0,2020-03-25 03:53:50
2020-03-25 03:53:51,741905.0,742472.0,2020-03-25 03:53:51
2020-03-25 03:53:52,741905.0,742472.0,2020-03-25 03:53:52
2020-03-25 03:53:53,741905.0,742472.0,2020-03-25 03:53:53
2020-03-25 03:53:54,741905.0,742472.0,2020-03-25 03:53:54
2020-03-25 03:53:55,742525.0,742980.0,2020-03-25 03:53:55
2020-03-25 03:53:56,742525.0,742980.0,2020-03-25 03:53:56
2020-03-25 03:53:57,742525.0,742980.0,2020-03-25 03:53:57
2020-03-25 03:53:58,742525.0,742980.0,2020-03-25 03:53:58
2020-03-25 03:53:59,742525.0,742980.0,2020-03-25 03:53:59
2020-03-25 03:54:00,742525.0,742980.0,2020-03-25 03:54:00
2020-03-25 03:54:02,742525.0,742980.0,2020-03-25 03:54:02
2020-03-25 03:54:03,742525.0,742980.0,2020-03-25 03:54:03
2020-03-25 03:54:04,742525.0,742980.0,2020-03-25 03:54:04
2020-03-25 03:54:05,743303.0,743653.0,2020-03-25 03:54:05
2020-03-25 03:54:06,743303.0,743653.0,2020-03-25 03:54:06
2020-03-25 03:54:07,743303.0,743653.0,2020-03-25 03:54:07
2020-03-25 03:54:08,743303.0,743653.0,2020-03-25 03:54:08
2020-03-25 03:54:10,743303.0,743653.0,2020-03-25 03:54:09
2020-03-25 03:54:11,743303.0,743653.0,2020-03-25 03:54:11
2020-03-25 03:54:12,743303.0,743653.0,2020-03-25 03:54:12
2020-03-25 03:54:13,743303.0,743653.0,2020-03-25 03:54:13
2020-03-25 03:54:14,743303.0,743653.0,2020-03-25 03:54:14
2020-03-25 03:54:15,743303.0,743653.0,2020-03-25 03:54:15
2020-03-25 03:54:16,743303.0,743653.0,2020-03-25 03:54:16
2020-03-25 03:54:17,743303.0,743653.0,2020-03-25 03:54:17
2020-03-25 03:54:18,743613.0,743666.0,2020-03-25 03:54:18
2020-03-25 03:54:19,743613.0,743666.0,2020-03-25 03:54:19
2020-03-25 03:54:20,743613.0,743666.0,2020-03-25 03:54:20
2020-03-25 03:54:21,743613.0,743666.0,2020-03-25 03:54:21
2020-03-25 03:54:22,743613.0,743666.0,2020-03-25 03:54:22
2020-03-25 03:54:23,743613.0,743666.0,2020-03-25 03:54:23
2020-03-25 03:54:24,743613.0,743666.0,2020-03-25 03:54:24
2020-03-25 03:54:25,743613.0,743666.0,2020-03-25 03:54:25
2020-03-25 03:54:26,743115.0,743646.0,2020-03-25 03:54:26
2020-03-25 03:54:28,743115.0,743646.0,2020-03-25 03:54:27
2020-03-25 03:54:29,743115.0,743646.0,2020-03-25 03:54:29
2020-03-25 03:54:30,743115.0,743646.0,2020-03-25 03:54:30
2020-03-25 03:54:31,743115.0,743646.0,2020-03-25 03:54:31
2020-03-25 03:54:32,743115.0,743646.0,2020-03-25 03:54:32
2020-03-25 03:54:33,743115.0,743646.0,2020-03-25 03:54:33
2020-03-25 03:54:34,743115.0,743646.0,2020-03-25 03:54:34
2020-03-25 03:54:35,743115.0,743646.0,2020-03-25 03:54:35
2020-03-25 03:54:36,743649.0,743666.0,2020-03-25 03:54:36
2020-03-25 03:54:37,743649.0,743666.0,2020-03-25 03:54:37
2020-03-25 03:54:38,743649.0,743666.0,2020-03-25 03:54:38
2020-03-25 03:54:39,743649.0,743666.0,2020-03-25 03:54:39
2020-03-25 03:54:40,743649.0,743666.0,2020-03-25 03:54:40
2020-03-25 03:54:41,743649.0,743666.0,2020-03-25 03:54:41
2020-03-25 03:54:42,743649.0,743666.0,2020-03-25 03:54:42
2020-03-25 03:54:43,743649.0,743666.0,2020-03-25 03:54:43
2020-03-25 03:54:44,743649.0,743666.0,2020-03-25 03:54:44
2020-03-25 03:54:45,743649.0,743666.0,2020-03-25 03:54:45
2020-03-25 03:54:47,743649.0,743666.0,2020-03-25 03:54:46
2020-03-25 03:54:48,743649.0,743666.0,2020-03-25 03:54:48
2020-03-25 03:54:49,743553.0,743924.0,2020-03-25 03:54:49
2020-03-25 03:54:50,743553.0,743924.0,2020-03-25 03:54:50
2020-03-25 03:54:51,743553.0,743924.0,2020-03-25 03:54:51
2020-03-25 03:54:52,743553.0,743924.0,2020-03-25 03:54:52
2020-03-25 03:54:53,743553.0,743924.0,2020-03-25 03:54:53
2020-03-25 03:54:54,743553.0,743924.0,2020-03-25 03:54:54
2020-03-25 03:54:55,743553.0,743924.0,2020-03-25 03:54:55
2020-03-25 03:54:56,743574.0,744023.0,2020-03-25 03:54:56
2020-03-25 03:54:57,743574.0,744023.0,2020-03-25 03:54:57
2020-03-25 03:54:58,743574.0,744023.0,2020-03-25 03:54:58
2020-03-25 03:54:59,743574.0,744023.0,2020-03-25 03:54:59
2020-03-25 03:55:00,743574.0,744023.0,2020-03-25 03:55:00
2020-03-25 03:55:01,743574.0,744023.0,2020-03-25 03:55:01
2020-03-25 03:55:02,743574.0,744023.0,2020-03-25 03:55:02
2020-03-25 03:55:03,743574.0,744023.0,2020-03-25 03:55:03
2020-03-25 03:55:04,743574.0,744023.0,2020-03-25 03:55:04
2020-03-25 03:55:05,743257.0,743554.0,2020-03-25 03:55:05
2020-03-25 03:55:07,743257.0,743554.0,2020-03-25 03:55:06
2020-03-25 03:55:08,743257.0,743554.0,2020-03-25 03:55:08
2020-03-25 03:55:09,743257.0,743554.0,2020-03-25 03:55:09
2020-03-25 03:55:10,743257.0,743554.0,2020-03-25 03:55:10
2020-03-25 03:55:11,743257.0,743554.0,2020-03-25 03:55:11
2020-03-25 03:55:12,743257.0,743554.0,2020-03-25 03:55:12
2020-03-25 03:55:13,743257.0,743554.0,2020-03-25 03:55:13
2020-03-25 03:55:14,743257.0,743554.0,2020-03-25 03:55:14
2020-03-25 03:55:15,743257.0,743554.0,2020-03-25 03:55:15
2020-03-25 03:55:16,743257.0,743554.0,2020-03-25 03:55:16
2020-03-25 03:55:17,743257.0,743554.0,2020-03-25 03:55:17
2020-03-25 03:55:18,743255.0,743575.0,2020-03-25 03:55:18
2020-03-25 03:55:19,743255.0,743575.0,2020-03-25 03:55:19
2020-03-25 03:55:20,743255.0,743575.0,2020-03-25 03:55:20
2020-03-25 03:55:21,743255.0,743575.0,2020-03-25 03:55:21
2020-03-25 03:55:23,743255.0,743575.0,2020-03-25 03:55:22
2020-03-25 03:55:24,743255.0,743575.0,2020-03-25 03:55:24
2020-03-25 03:55:25,742990.0,743226.0,2020-03-25 03:55:25
2020-03-25 03:55:26,742990.0,743226.0,2020-03-25 03:55:26
2020-03-25 03:55:27,742990.0,743226.0,2020-03-25 03:55:27
2020-03-25 03:55:28,742990.0,743226.0,2020-03-25 03:55:28
2020-03-25 03:55:29,742990.0,743226.0,2020-03-25 03:55:29
2020-03-25 03:55:30,742990.0,743226.0,2020-03-25 03:55:30
2020-03-25 03:55:31,742990.0,743226.0,2020-03-25 03:55:31
2020-03-25 03:55:32,742990.0,743226.0,2020-03-25 03:55:32
2020-03-25 03:55:33,742990.0,743226.0,2020-03-25 03:55:33
2020-03-25 03:55:34,742990.0,743226.0,2020-03-25 03:55:34
2020-03-25 03:55:35,742990.0,743226.0,2020-03-25 03:55:35
2020-03-25 03:55:37,742536.0,743152.0,2020-03-25 03:55:37
2020-03-25 03:55:38,742536.0,743152.0,2020-03-25 03:55:38
2020-03-25 03:55:39,742536.0,743152.0,2020-03-25 03:55:39
2020-03-25 03:55:40,742536.0,743152.0,2020-03-25 03:55:40
2020-03-25 03:55:41,742536.0,743152.0,2020-03-25 03:55:41
2020-03-25 03:55:42,742536.0,743152.0,2020-03-25 03:55:42
2020-03-25 03:55:43,742536.0,743152.0,2020-03-25 03:55:43
2020-03-25 03:55:45,742536.0,743152.0,2020-03-25 03:55:44
2020-03-25 03:55:46,742166.0,742285.0,2020-03-25 03:55:46
2020-03-25 03:55:47,742166.0,742285.0,2020-03-25 03:55:47
2020-03-25 03:55:48,742166.0,742285.0,2020-03-25 03:55:48
2020-03-25 03:55:49,742166.0,742285.0,2020-03-25 03:55:49
2020-03-25 03:55:50,742166.0,742285.0,2020-03-25 03:55:50
2020-03-25 03:55:51,742166.0,742285.0,2020-03-25 03:55:51
2020-03-25 03:55:52,742166.0,742285.0,2020-03-25 03:55:52
2020-03-25 03:55:53,742166.0,742285.0,2020-03-25 03:55:53
2020-03-25 03:55:54,742166.0,742285.0,2020-03-25 03:55:54
2020-03-25 03:55:55,742166.0,742285.0,2020-03-25 03:55:55
2020-03-25 03:55:56,742166.0,742285.0,2020-03-25 03:55:56
2020-03-25 03:55:57,742050.0,742585.0,2020-03-25 03:55:57
2020-03-25 03:55:58,742050.0,742585.0,2020-03-25 03:55:58
2020-03-25 03:55:59,742050.0,742585.0,2020-03-25 03:55:59
2020-03-25 03:56:00,742050.0,742585.0,2020-03-25 03:56:00
2020-03-25 03:56:01,742050.0,742585.0,2020-03-25 03:56:01
2020-03-25 03:56:03,742050.0,742585.0,2020-03-25 03:56:02
2020-03-25 03:56:04,742050.0,742585.0,2020-03-25 03:56:04
2020-03-25 03:56:05,743567.0,743872.0,2020-03-25 03:56:05
2020-03-25 03:56:06,743567.0,743872.0,2020-03-25 03:56:06
2020-03-25 03:56:07,743567.0,743872.0,2020-03-25 03:56:07
2020-03-25 03:56:08,743567.0,743872.0,2020-03-25 03:56:08
2020-03-25 03:56:09,743567.0,743872.0,2020-03-25 03:56:09
2020-03-25 03:56:10,743567.0,743872.0,2020-03-25 03:56:10
2020-03-25 03:56:11,743567.0,743872.0,2020-03-25 03:56:11
2020-03-25 03:56:12,743567.0,743872.0,2020-03-25 03:56:12
2020-03-25 03:56:13,743567.0,743872.0,2020-03-25 03:56:13
2020-03-25 03:56:14,743567.0,743872.0,2020-03-25 03:56:14
2020-03-25 03:56:15,743567.0,743872.0,2020-03-25 03:56:15
2020-03-25 03:56:16,742663.0,743191.0,2020-03-25 03:56:16
2020-03-25 03:56:17,742663.0,743191.0,2020-03-25 03:56:17
2020-03-25 03:56:19,742663.0,743191.0,2020-03-25 03:56:18
2020-03-25 03:56:20,742663.0,743191.0,2020-03-25 03:56:20
2020-03-25 03:56:21,742663.0,743191.0,2020-03-25 03:56:21
2020-03-25 03:56:22,742663.0,743191.0,2020-03-25 03:56:22
2020-03-25 03:56:23,742663.0,743191.0,2020-03-25 03:56:23
2020-03-25 03:56:24,742663.0,743191.0,2020-03-25 03:56:24
2020-03-25 03:56:25,742663.0,743191.0,2020-03-25 03:56:25
2020-03-25 03:56:26,742601.0,742910.0,2020-03-25 03:56:26
2020-03-25 03:56:27,742601.0,742910.0,2020-03-25 03:56:27
2020-03-25 03:56:28,742601.0,742910.0,2020-03-25 03:56:28
2020-03-25 03:56:29,742601.0,742910.0,2020-03-25 03:56:29
2020-03-25 03:56:30,742601.0,742910.0,2020-03-25 03:56:30
2020-03-25 03:56:31,742601.0,742910.0,2020-03-25 03:56:31
2020-03-25 03:56:32,742601.0,742910.0,2020-03-25 03:56:32
2020-03-25 03:56:33,742601.0,742910.0,2020-03-25 03:56:33
2020-03-25 03:56:34,742601.0,742910.0,2020-03-25 03:56:34
2020-03-25 03:56:35,742601.0,742910.0,2020-03-25 03:56:35
2020-03-25 03:56:37,742601.0,742910.0,2020-03-25 03:56:36
2020-03-25 03:56:38,742554.0,742911.0,2020-03-25 03:56:38
2020-03-25 03:56:39,742554.0,742911.0,2020-03-25 03:56:39
2020-03-25 03:56:40,742554.0,742911.0,2020-03-25 03:56:40
2020-03-25 03:56:41,742554.0,742911.0,2020-03-25 03:56:41
2020-03-25 03:56:42,742554.0,742911.0,2020-03-25 03:56:42
2020-03-25 03:56:43,742554.0,742911.0,2020-03-25 03:56:43
2020-03-25 03:56:44,742554.0,742911.0,2020-03-25 03:56:44
2020-03-25 03:56:45,742653.0,743146.0,2020-03-25 03:56:45
2020-03-25 03:56:46,742653.0,743146.0,2020-03-25 03:56:46
2020-03-25 03:56:47,742653.0,743146.0,2020-03-25 03:56:47
2020-03-25 03:56:48,742653.0,743146.0,2020-03-25 03:56:48
2020-03-25 03:56:49,742653.0,743146.0,2020-03-25 03:56:49
2020-03-25 03:56:50,742653.0,743146.0,2020-03-25 03:56:50
2020-03-25 03:56:51,742653.0,743146.0,2020-03-25 03:56:51
2020-03-25 03:56:52,742653.0,743146.0,2020-03-25 03:56:52
2020-03-25 03:56:54,742653.0,743146.0,2020-03-25 03:56:53
2020-03-25 03:56:55,742653.0,743146.0,2020-03-25 03:56:55
2020-03-25 03:56:56,742554.0,742669.0,2020-03-25 03:56:56
2020-03-25 03:56:57,742554.0,742669.0,2020-03-25 03:56:57
2020-03-25 03:56:58,742554.0,742669.0,2020-03-25 03:56:58
2020-03-25 03:56:59,742554.0,742669.0,2020-03-25 03:56:59
2020-03-25 03:57:00,742554.0,742669.0,2020-03-25 03:57:00
2020-03-25 03:57:01,742554.0,742669.0,2020-03-25 03:57:01
2020-03-25 03:57:02,742554.0,742669.0,2020-03-25 03:57:02
2020-03-25 03:57:03,742554.0,742669.0,2020-03-25 03:57:03
2020-03-25 03:57:04,742554.0,742669.0,2020-03-25 03:57:04
2020-03-25 03:57:05,741709.0,742002.0,2020-03-25 03:57:05
2020-03-25 03:57:07,741709.0,742002.0,2020-03-25 03:57:06
2020-03-25 03:57:08,741709.0,742002.0,2020-03-25 03:57:08
2020-03-25 03:57:09,741709.0,742002.0,2020-03-25 03:57:09
2020-03-25 03:57:10,741709.0,742002.0,2020-03-25 03:57:10
2020-03-25 03:57:11,741709.0,742002.0,2020-03-25 03:57:11
2020-03-25 03:57:12,741709.0,742002.0,2020-03-25 03:57:12
2020-03-25 03:57:13,741709.0,742002.0,2020-03-25 03:57:13
2020-03-25 03:57:14,741709.0,742002.0,2020-03-25 03:57:14
2020-03-25 03:57:15,741709.0,742002.0,2020-03-25 03:57:15
2020-03-25 03:57:16,741709.0,742002.0,2020-03-25 03:57:16
2020-03-25 03:57:17,741149.0,741220.0,2020-03-25 03:57:17
2020-03-25 03:57:18,741149.0,741220.0,2020-03-25 03:57:18
2020-03-25 03:57:19,741149.0,741220.0,2020-03-25 03:57:19
2020-03-25 03:57:20,741149.0,741220.0,2020-03-25 03:57:20
2020-03-25 03:57:21,741149.0,741220.0,2020-03-25 03:57:21
2020-03-25 03:57:23,741149.0,741220.0,2020-03-25 03:57:22
2020-03-25 03:57:24,741149.0,741220.0,2020-03-25 03:57:24
2020-03-25 03:57:25,741149.0,741220.0,2020-03-25 03:57:25
2020-03-25 03:57:26,741003.0,741457.0,2020-03-25 03:57:26
2020-03-25 03:57:27,741003.0,741457.0,2020-03-25 03:57:27
2020-03-25 03:57:28,741003.0,741457.0,2020-03-25 03:57:28
2020-03-25 03:57:29,741003.0,741457.0,2020-03-25 03:57:29
2020-03-25 03:57:30,741003.0,741457.0,2020-03-25 03:57:30
2020-03-25 03:57:31,741003.0,741457.0,2020-03-25 03:57:31
2020-03-25 03:57:32,741003.0,741457.0,2020-03-25 03:57:32
2020-03-25 03:57:33,741003.0,741457.0,2020-03-25 03:57:33
2020-03-25 03:57:34,741003.0,741457.0,2020-03-25 03:57:34
2020-03-25 03:57:35,741003.0,741457.0,2020-03-25 03:57:35
2020-03-25 03:57:36,741635.0,741846.0,2020-03-25 03:57:36
2020-03-25 03:57:37,741635.0,741846.0,2020-03-25 03:57:37
2020-03-25 03:57:38,741635.0,741846.0,2020-03-25 03:57:38
2020-03-25 03:57:39,741635.0,741846.0,2020-03-25 03:57:39
2020-03-25 03:57:41,741635.0,741846.0,2020-03-25 03:57:40
2020-03-25 03:57:42,741635.0,741846.0,2020-03-25 03:57:42
2020-03-25 03:57:43,741635.0,741846.0,2020-03-25 03:57:43
2020-03-25 03:57:44,741635.0,741846.0,2020-03-25 03:57:44
2020-03-25 03:57:45,741635.0,741846.0,2020-03-25 03:57:45
2020-03-25 03:57:46,741838.0,742378.0,2020-03-25 03:57:46
2020-03-25 03:57:47,741838.0,742378.0,2020-03-25 03:57:47
2020-03-25 03:57:48,741838.0,742378.0,2020-03-25 03:57:48
2020-03-25 03:57:49,741838.0,742378.0,2020-03-25 03:57:49
2020-03-25 03:57:50,741838.0,742378.0,2020-03-25 03:57:50
2020-03-25 03:57:51,741838.0,742378.0,2020-03-25 03:57:51
2020-03-25 03:57:52,741838.0,742378.0,2020-03-25 03:57:52
2020-03-25 03:57:53,741838.0,742378.0,2020-03-25 03:57:53
2020-03-25 03:57:54,741838.0,742378.0,2020-03-25 03:57:54
2020-03-25 03:57:55,741838.0,742378.0,2020-03-25 03:57:55
2020-03-25 03:57:56,741882.0,742321.0,2020-03-25 03:57:56
2020-03-25 03:57:58,741882.0,742321.0,2020-03-25 03:57:57
2020-03-25 03:57:59,741882.0,742321.0,2020-03-25 03:57:59
2020-03-25 03:58:00,741882.0,742321.0,2020-03-25 03:58:00
2020-03-25 03:58:01,741882.0,742321.0,2020-03-25 03:58:01
2020-03-25 03:58:02,741882.0,742321.0,2020-03-25 03:58:02
2020-03-25 03:58:03,741882.0,742321.0,2020-03-25 03:58:03
2020-03-25 03:58:04,741882.0,742321.0,2020-03-25 03:58:04
2020-03-25 03:58:05,742131.0,742836.0,2020-03-25 03:58:05
2020-03-25 03:58:06,742131.0,742836.0,2020-03-25 03:58:06
2020-03-25 03:58:07,742131.0,742836.0,2020-03-25 03:58:07
2020-03-25 03:58:08,742131.0,742836.0,2020-03-25 03:58:08
2020-03-25 03:58:09,742131.0,742836.0,2020-03-25 03:58:09
2020-03-25 03:58:10,742131.0,742836.0,2020-03-25 03:58:10
2020-03-25 03:58:11,742131.0,742836.0,2020-03-25 03:58:11
2020-03-25 03:58:12,742131.0,742836.0,2020-03-25 03:58:12
2020-03-25 03:58:13,742131.0,742836.0,2020-03-25 03:58:13
2020-03-25 03:58:14,742131.0,742836.0,2020-03-25 03:58:14
2020-03-25 03:58:15,742131.0,742836.0,2020-03-25 03:58:15
2020-03-25 03:58:16,742593.0,743417.0,2020-03-25 03:58:16
2020-03-25 03:58:18,742593.0,743417.0,2020-03-25 03:58:17
2020-03-25 03:58:19,742593.0,743417.0,2020-03-25 03:58:19
2020-03-25 03:58:20,742593.0,743417.0,2020-03-25 03:58:20
2020-03-25 03:58:21,742593.0,743417.0,2020-03-25 03:58:21
2020-03-25 03:58:22,742593.0,743417.0,2020-03-25 03:58:22
2020-03-25 03:58:23,742593.0,743417.0,2020-03-25 03:58:23
2020-03-25 03:58:24,742593.0,743417.0,2020-03-25 03:58:24
2020-03-25 03:58:25,742340.0,743131.0,2020-03-25 03:58:25
2020-03-25 03:58:26,742340.0,743131.0,2020-03-25 03:58:26
2020-03-25 03:58:27,742340.0,743131.0,2020-03-25 03:58:27
2020-03-25 03:58:28,742340.0,743131.0,2020-03-25 03:58:28
2020-03-25 03:58:29,742340.0,743131.0,2020-03-25 03:58:29
2020-03-25 03:58:30,742340.0,743131.0,2020-03-25 03:58:30
2020-03-25 03:58:31,742340.0,743131.0,2020-03-25 03:58:31
2020-03-25 03:58:32,742340.0,743131.0,2020-03-25 03:58:32
2020-03-25 03:58:33,742340.0,743131.0,2020-03-25 03:58:33
2020-03-25 03:58:35,742340.0,743131.0,2020-03-25 03:58:34
2020-03-25 03:58:36,742340.0,743131.0,2020-03-25 03:58:36
2020-03-25 03:58:37,742299.0,743070.0,2020-03-25 03:58:37
2020-03-25 03:58:38,742299.0,743070.0,2020-03-25 03:58:38
2020-03-25 03:58:39,742299.0,743070.0,2020-03-25 03:58:39
2020-03-25 03:58:40,742299.0,743070.0,2020-03-25 03:58:40
2020-03-25 03:58:41,742299.0,743070.0,2020-03-25 03:58:41
2020-03-25 03:58:42,742299.0,743070.0,2020-03-25 03:58:42
2020-03-25 03:58:43,742299.0,743070.0,2020-03-25 03:58:43
2020-03-25 03:58:44,742299.0,743070.0,2020-03-25 03:58:44
2020-03-25 03:58:45,742477.0,743025.0,2020-03-25 03:58:45
2020-03-25 03:58:46,742477.0,743025.0,2020-03-25 03:58:46
2020-03-25 03:58:47,742477.0,743025.0,2020-03-25 03:58:47
2020-03-25 03:58:48,742477.0,743025.0,2020-03-25 03:58:48
2020-03-25 03:58:49,742477.0,743025.0,2020-03-25 03:58:49
2020-03-25 03:58:51,742477.0,743025.0,2020-03-25 03:58:50
2020-03-25 03:58:52,742477.0,743025.0,2020-03-25 03:58:52
2020-03-25 03:58:53,742477.0,743025.0,2020-03-25 03:58:53
2020-03-25 03:58:54,742477.0,743025.0,2020-03-25 03:58:54
2020-03-25 03:58:55,742574.0,743226.0,2020-03-25 03:58:55
2020-03-25 03:58:56,742574.0,743226.0,2020-03-25 03:58:56
2020-03-25 03:58:57,742574.0,743226.0,2020-03-25 03:58:57
2020-03-25 03:58:58,742574.0,743226.0,2020-03-25 03:58:58
2020-03-25 03:58:59,742574.0,743226.0,2020-03-25 03:58:59
2020-03-25 03:59:00,742574.0,743226.0,2020-03-25 03:59:00
2020-03-25 03:59:01,742574.0,743226.0,2020-03-25 03:59:01
2020-03-25 03:59:02,742574.0,743226.0,2020-03-25 03:59:02
2020-03-25 03:59:03,742574.0,743226.0,2020-03-25 03:59:03
2020-03-25 03:59:04,742574.0,743226.0,2020-03-25 03:59:04
2020-03-25 03:59:05,742111.0,742507.0,2020-03-25 03:59:05
2020-03-25 03:59:06,742111.0,742507.0,2020-03-25 03:59:06
2020-03-25 03:59:07,742111.0,742507.0,2020-03-25 03:59:07
2020-03-25 03:59:08,742111.0,742507.0,2020-03-25 03:59:08
2020-03-25 03:59:09,742111.0,742507.0,2020-03-25 03:59:09
2020-03-25 03:59:10,742111.0,742507.0,2020-03-25 03:59:10
2020-03-25 03:59:12,742111.0,742507.0,2020-03-25 03:59:11
2020-03-25 03:59:13,742111.0,742507.0,2020-03-25 03:59:13
2020-03-25 03:59:14,742111.0,742507.0,2020-03-25 03:59:14
2020-03-25 03:59:15,742111.0,742507.0,2020-03-25 03:59:15
2020-03-25 03:59:16,742468.0,742471.0,2020-03-25 03:59:16
2020-03-25 03:59:17,742468.0,742471.0,2020-03-25 03:59:17
2020-03-25 03:59:18,742468.0,742471.0,2020-03-25 03:59:18
2020-03-25 03:59:19,742468.0,742471.0,2020-03-25 03:59:19
2020-03-25 03:59:20,742468.0,742471.0,2020-03-25 03:59:20
2020-03-25 03:59:21,742468.0,742471.0,2020-03-25 03:59:21
2020-03-25 03:59:22,742468.0,742471.0,2020-03-25 03:59:22
2020-03-25 03:59:23,742468.0,742471.0,2020-03-25 03:59:23
2020-03-25 03:59:24,742468.0,742471.0,2020-03-25 03:59:24
2020-03-25 03:59:25,742611.0,743338.0,2020-03-25 03:59:25
2020-03-25 03:59:26,742611.0,743338.0,2020-03-25 03:59:26
2020-03-25 03:59:27,742611.0,743338.0,2020-03-25 03:59:27
2020-03-25 03:59:28,742611.0,743338.0,2020-03-25 03:59:28
2020-03-25 03:59:29,742611.0,743338.0,2020-03-25 03:59:29
2020-03-25 03:59:31,742611.0,743338.0,2020-03-25 03:59:30
2020-03-25 03:59:32,742611.0,743338.0,2020-03-25 03:59:32
2020-03-25 03:59:33,742611.0,743338.0,2020-03-25 03:59:33
2020-03-25 03:59:34,742611.0,743338.0,2020-03-25 03:59:34
2020-03-25 03:59:35,742611.0,743338.0,2020-03-25 03:59:35
2020-03-25 03:59:36,742862.0,743368.0,2020-03-25 03:59:36
2020-03-25 03:59:37,742862.0,743368.0,2020-03-25 03:59:37
2020-03-25 03:59:38,742862.0,743368.0,2020-03-25 03:59:38
2020-03-25 03:59:39,742862.0,743368.0,2020-03-25 03:59:39
2020-03-25 03:59:40,742862.0,743368.0,2020-03-25 03:59:40
2020-03-25 03:59:41,742862.0,743368.0,2020-03-25 03:59:41
2020-03-25 03:59:42,742862.0,743368.0,2020-03-25 03:59:42
2020-03-25 03:59:43,742862.0,743368.0,2020-03-25 03:59:43
2020-03-25 03:59:44,742862.0,743368.0,2020-03-25 03:59:44
2020-03-25 03:59:45,742862.0,743368.0,2020-03-25 03:59:45
2020-03-25 03:59:46,742862.0,743368.0,2020-03-25 03:59:46
2020-03-25 03:59:47,742862.0,743368.0,2020-03-25 03:59:47
2020-03-25 03:59:48,743000.0,743444.0,2020-03-25 03:59:48
2020-03-25 03:59:49,743000.0,743444.0,2020-03-25 03:59:49
2020-03-25 03:59:51,743000.0,743444.0,2020-03-25 03:59:50
2020-03-25 03:59:52,743000.0,743444.0,2020-03-25 03:59:52
2020-03-25 03:59:53,743000.0,743444.0,2020-03-25 03:59:53
2020-03-25 03:59:54,743000.0,743444.0,2020-03-25 03:59:54
2020-03-25 03:59:55,743000.0,743444.0,2020-03-25 03:59:55
2020-03-25 03:59:56,743083.0,743714.0,2020-03-25 03:59:56
2020-03-25 03:59:57,743083.0,743714.0,2020-03-25 03:59:57
2020-03-25 03:59:58,743083.0,743714.0,2020-03-25 03:59:58
2020-03-25 03:59:59,743083.0,743714.0,2020-03-25 03:59:59
2020-03-25 04:00:00,743083.0,743714.0,2020-03-25 04:00:00
2020-03-25 04:00:01,743083.0,743714.0,2020-03-25 04:00:01
2020-03-25 04:00:02,743083.0,743714.0,2020-03-25 04:00:02
2020-03-25 04:00:03,743083.0,743714.0,2020-03-25 04:00:03
2020-03-25 04:00:05,743083.0,743714.0,2020-03-25 04:00:04
2020-03-25 04:00:06,743083.0,743714.0,2020-03-25 04:00:06
2020-03-25 04:00:07,743485.0,743999.0,2020-03-25 04:00:07
2020-03-25 04:00:08,743485.0,743999.0,2020-03-25 04:00:08
2020-03-25 04:00:09,743485.0,743999.0,2020-03-25 04:00:09
2020-03-25 04:00:10,743485.0,743999.0,2020-03-25 04:00:10
2020-03-25 04:00:11,743485.0,743999.0,2020-03-25 04:00:11
2020-03-25 04:00:12,743485.0,743999.0,2020-03-25 04:00:12
2020-03-25 04:00:13,743485.0,743999.0,2020-03-25 04:00:13
2020-03-25 04:00:14,743485.0,743999.0,2020-03-25 04:00:14
2020-03-25 04:00:15,743485.0,743999.0,2020-03-25 04:00:15
2020-03-25 04:00:16,743485.0,743999.0,2020-03-25 04:00:16
2020-03-25 04:00:17,743115.0,743464.0,2020-03-25 04:00:17
2020-03-25 04:00:18,743115.0,743464.0,2020-03-25 04:00:18
2020-03-25 04:00:19,743115.0,743464.0,2020-03-25 04:00:19
2020-03-25 04:00:20,743115.0,743464.0,2020-03-25 04:00:20
2020-03-25 04:00:21,743115.0,743464.0,2020-03-25 04:00:21
2020-03-25 04:00:22,743115.0,743464.0,2020-03-25 04:00:22
2020-03-25 04:00:23,743115.0,743464.0,2020-03-25 04:00:23
2020-03-25 04:00:24,743115.0,743464.0,2020-03-25 04:00:24
2020-03-25 04:00:26,743115.0,743464.0,2020-03-25 04:00:25
2020-03-25 04:00:27,743534.0,743751.0,2020-03-25 04:00:27
2020-03-25 04:00:28,743534.0,743751.0,2020-03-25 04:00:28
2020-03-25 04:00:29,743534.0,743751.0,2020-03-25 04:00:29
2020-03-25 04:00:30,743534.0,743751.0,2020-03-25 04:00:30
2020-03-25 04:00:31,743534.0,743751.0,2020-03-25 04:00:31
2020-03-25 04:00:32,743534.0,743751.0,2020-03-25 04:00:32
2020-03-25 04:00:33,743534.0,743751.0,2020-03-25 04:00:33
2020-03-25 04:00:34,743534.0,743751.0,2020-03-25 04:00:34
2020-03-25 04:00:35,743534.0,743751.0,2020-03-25 04:00:35
2020-03-25 04:00:36,743534.0,743751.0,2020-03-25 04:00:36
2020-03-25 04:00:37,743423.0,743939.0,2020-03-25 04:00:37
2020-03-25 04:00:38,743423.0,743939.0,2020-03-25 04:00:38
2020-03-25 04:00:39,743423.0,743939.0,2020-03-25 04:00:39
2020-03-25 04:00:40,743423.0,743939.0,2020-03-25 04:00:40
2020-03-25 04:00:42,743423.0,743939.0,2020-03-25 04:00:41
2020-03-25 04:00:43,743423.0,743939.0,2020-03-25 04:00:43
2020-03-25 04:00:44,743423.0,743939.0,2020-03-25 04:00:44
2020-03-25 04:00:45,743423.0,743939.0,2020-03-25 04:00:45
2020-03-25 04:00:46,743423.0,743939.0,2020-03-25 04:00:46
2020-03-25 04:00:47,742285.0,743263.0,2020-03-25 04:00:47
2020-03-25 04:00:48,742285.0,743263.0,2020-03-25 04:00:48
2020-03-25 04:00:49,742285.0,743263.0,2020-03-25 04:00:49
2020-03-25 04:00:50,742285.0,743263.0,2020-03-25 04:00:50
2020-03-25 04:00:51,742285.0,743263.0,2020-03-25 04:00:51
2020-03-25 04:00:52,742285.0,743263.0,2020-03-25 04:00:52
2020-03-25 04:00:53,742285.0,743263.0,2020-03-25 04:00:53
2020-03-25 04:00:54,742285.0,743263.0,2020-03-25 04:00:54
2020-03-25 04:00:55,742285.0,743263.0,2020-03-25 04:00:55
2020-03-25 04:00:56,742285.0,743263.0,2020-03-25 04:00:56
2020-03-25 04:00:58,742285.0,743263.0,2020-03-25 04:00:57
2020-03-25 04:00:59,742285.0,743263.0,2020-03-25 04:00:59
2020-03-25 04:01:00,742169.0,743013.0,2020-03-25 04:01:00
2020-03-25 04:01:01,742169.0,743013.0,2020-03-25 04:01:01
2020-03-25 04:01:02,742169.0,743013.0,2020-03-25 04:01:02
2020-03-25 04:01:03,742169.0,743013.0,2020-03-25 04:01:03
2020-03-25 04:01:04,742169.0,743013.0,2020-03-25 04:01:04
2020-03-25 04:01:05,742203.0,742900.0,2020-03-25 04:01:05
2020-03-25 04:01:06,742203.0,742900.0,2020-03-25 04:01:06
2020-03-25 04:01:07,742203.0,742900.0,2020-03-25 04:01:07
2020-03-25 04:01:08,742203.0,742900.0,2020-03-25 04:01:08
2020-03-25 04:01:09,742203.0,742900.0,2020-03-25 04:01:09
2020-03-25 04:01:10,742203.0,742900.0,2020-03-25 04:01:10
2020-03-25 04:01:11,742203.0,742900.0,2020-03-25 04:01:11
2020-03-25 04:01:12,742203.0,742900.0,2020-03-25 04:01:12
2020-03-25 04:01:13,742203.0,742900.0,2020-03-25 04:01:13
2020-03-25 04:01:14,742203.0,742900.0,2020-03-25 04:01:14
2020-03-25 04:01:16,742203.0,742900.0,2020-03-25 04:01:15
2020-03-25 04:01:17,742233.0,742833.0,2020-03-25 04:01:17
2020-03-25 04:01:18,742233.0,742833.0,2020-03-25 04:01:18
2020-03-25 04:01:19,742233.0,742833.0,2020-03-25 04:01:19
2020-03-25 04:01:20,742233.0,742833.0,2020-03-25 04:01:20
2020-03-25 04:01:21,742233.0,742833.0,2020-03-25 04:01:21
2020-03-25 04:01:22,742233.0,742833.0,2020-03-25 04:01:22
2020-03-25 04:01:23,742233.0,742833.0,2020-03-25 04:01:23
2020-03-25 04:01:24,742233.0,742833.0,2020-03-25 04:01:24
2020-03-25 04:01:25,742304.0,743204.0,2020-03-25 04:01:25
2020-03-25 04:01:26,742304.0,743204.0,2020-03-25 04:01:26
2020-03-25 04:01:27,742304.0,743204.0,2020-03-25 04:01:27
2020-03-25 04:01:28,742304.0,743204.0,2020-03-25 04:01:28
2020-03-25 04:01:29,742304.0,743204.0,2020-03-25 04:01:29
2020-03-25 04:01:30,742304.0,743204.0,2020-03-25 04:01:30
2020-03-25 04:01:32,742304.0,743204.0,2020-03-25 04:01:31
2020-03-25 04:01:33,742304.0,743204.0,2020-03-25 04:01:33
2020-03-25 04:01:34,742304.0,743204.0,2020-03-25 04:01:34
2020-03-25 04:01:35,743004.0,743590.0,2020-03-25 04:01:35
2020-03-25 04:01:36,743004.0,743590.0,2020-03-25 04:01:36
2020-03-25 04:01:37,743004.0,743590.0,2020-03-25 04:01:37
2020-03-25 04:01:38,743004.0,743590.0,2020-03-25 04:01:38
2020-03-25 04:01:39,743004.0,743590.0,2020-03-25 04:01:39
2020-03-25 04:01:40,743004.0,743590.0,2020-03-25 04:01:40
2020-03-25 04:01:41,743004.0,743590.0,2020-03-25 04:01:41
2020-03-25 04:01:42,743004.0,743590.0,2020-03-25 04:01:42
2020-03-25 04:01:43,743004.0,743590.0,2020-03-25 04:01:43
2020-03-25 04:01:44,743004.0,743590.0,2020-03-25 04:01:44
2020-03-25 04:01:45,743004.0,743590.0,2020-03-25 04:01:45
2020-03-25 04:01:46,742738.0,743652.0,2020-03-25 04:01:46
2020-03-25 04:01:47,742738.0,743652.0,2020-03-25 04:01:47
2020-03-25 04:01:48,742738.0,743652.0,2020-03-25 04:01:48
2020-03-25 04:01:49,742738.0,743652.0,2020-03-25 04:01:49
2020-03-25 04:01:51,742738.0,743652.0,2020-03-25 04:01:50
2020-03-25 04:01:52,742738.0,743652.0,2020-03-25 04:01:52
2020-03-25 04:01:53,742738.0,743652.0,2020-03-25 04:01:53
2020-03-25 04:01:54,742738.0,743652.0,2020-03-25 04:01:54
2020-03-25 04:01:55,742412.0,742979.0,2020-03-25 04:01:55
2020-03-25 04:01:56,742412.0,742979.0,2020-03-25 04:01:56
2020-03-25 04:01:57,742412.0,742979.0,2020-03-25 04:01:57
2020-03-25 04:01:58,742412.0,742979.0,2020-03-25 04:01:58
2020-03-25 04:01:59,742412.0,742979.0,2020-03-25 04:01:59
2020-03-25 04:02:00,742412.0,742979.0,2020-03-25 04:02:00
2020-03-25 04:02:01,742412.0,742979.0,2020-03-25 04:02:01
2020-03-25 04:02:02,742412.0,742979.0,2020-03-25 04:02:02
2020-03-25 04:02:03,742412.0,742979.0,2020-03-25 04:02:03
2020-03-25 04:02:04,742412.0,742979.0,2020-03-25 04:02:04
2020-03-25 04:02:05,742346.0,742942.0,2020-03-25 04:02:05
2020-03-25 04:02:06,742346.0,742942.0,2020-03-25 04:02:06
2020-03-25 04:02:08,742346.0,742942.0,2020-03-25 04:02:07
2020-03-25 04:02:09,742346.0,742942.0,2020-03-25 04:02:09
2020-03-25 04:02:10,742346.0,742942.0,2020-03-25 04:02:10
2020-03-25 04:02:11,742346.0,742942.0,2020-03-25 04:02:11
2020-03-25 04:02:12,742346.0,742942.0,2020-03-25 04:02:12
2020-03-25 04:02:13,742346.0,742942.0,2020-03-25 04:02:13
2020-03-25 04:02:14,742346.0,742942.0,2020-03-25 04:02:14
2020-03-25 04:02:15,742656.0,743236.0,2020-03-25 04:02:15
2020-03-25 04:02:16,742656.0,743236.0,2020-03-25 04:02:16
2020-03-25 04:02:17,742656.0,743236.0,2020-03-25 04:02:17
2020-03-25 04:02:18,742656.0,743236.0,2020-03-25 04:02:18
2020-03-25 04:02:19,742656.0,743236.0,2020-03-25 04:02:19
2020-03-25 04:02:20,742656.0,743236.0,2020-03-25 04:02:20
2020-03-25 04:02:21,742656.0,743236.0,2020-03-25 04:02:21
2020-03-25 04:02:22,742656.0,743236.0,2020-03-25 04:02:22
2020-03-25 04:02:23,742656.0,743236.0,2020-03-25 04:02:23
2020-03-25 04:02:24,742656.0,743236.0,2020-03-25 04:02:24
2020-03-25 04:02:25,742656.0,743236.0,2020-03-25 04:02:25
2020-03-25 04:02:26,742751.0,743127.0,2020-03-25 04:02:26
2020-03-25 04:02:27,742751.0,743127.0,2020-03-25 04:02:27
2020-03-25 04:02:28,742751.0,743127.0,2020-03-25 04:02:28
2020-03-25 04:02:30,742751.0,743127.0,2020-03-25 04:02:29
2020-03-25 04:02:31,742751.0,743127.0,2020-03-25 04:02:31
2020-03-25 04:02:32,742751.0,743127.0,2020-03-25 04:02:32
2020-03-25 04:02:33,742751.0,743127.0,2020-03-25 04:02:33
2020-03-25 04:02:34,742751.0,743127.0,2020-03-25 04:02:34
2020-03-25 04:02:35,742751.0,743127.0,2020-03-25 04:02:35
2020-03-25 04:02:36,742235.0,742926.0,2020-03-25 04:02:36
2020-03-25 04:02:37,742235.0,742926.0,2020-03-25 04:02:37
2020-03-25 04:02:38,742235.0,742926.0,2020-03-25 04:02:38
2020-03-25 04:02:39,742235.0,742926.0,2020-03-25 04:02:39
2020-03-25 04:02:40,742235.0,742926.0,2020-03-25 04:02:40
2020-03-25 04:02:41,742235.0,742926.0,2020-03-25 04:02:41
2020-03-25 04:02:42,742235.0,742926.0,2020-03-25 04:02:42
2020-03-25 04:02:43,742235.0,742926.0,2020-03-25 04:02:43
2020-03-25 04:02:44,742235.0,742926.0,2020-03-25 04:02:44
2020-03-25 04:02:45,742496.0,742895.0,2020-03-25 04:02:45
2020-03-25 04:02:46,742496.0,742895.0,2020-03-25 04:02:46
2020-03-25 04:02:48,742496.0,742895.0,2020-03-25 04:02:47
2020-03-25 04:02:49,742496.0,742895.0,2020-03-25 04:02:49
2020-03-25 04:02:50,742496.0,742895.0,2020-03-25 04:02:50
2020-03-25 04:02:51,742496.0,742895.0,2020-03-25 04:02:51
2020-03-25 04:02:52,742496.0,742895.0,2020-03-25 04:02:52
2020-03-25 04:02:53,742496.0,742895.0,2020-03-25 04:02:53
2020-03-25 04:02:54,742496.0,742895.0,2020-03-25 04:02:54
2020-03-25 04:02:55,742372.0,742833.0,2020-03-25 04:02:55
2020-03-25 04:02:56,742372.0,742833.0,2020-03-25 04:02:56
2020-03-25 04:02:57,742372.0,742833.0,2020-03-25 04:02:57
2020-03-25 04:02:58,742372.0,742833.0,2020-03-25 04:02:58
2020-03-25 04:02:59,742372.0,742833.0,2020-03-25 04:02:59
2020-03-25 04:03:00,742372.0,742833.0,2020-03-25 04:03:00
2020-03-25 04:03:01,742372.0,742833.0,2020-03-25 04:03:01
2020-03-25 04:03:02,742372.0,742833.0,2020-03-25 04:03:02
2020-03-25 04:03:03,742372.0,742833.0,2020-03-25 04:03:03
2020-03-25 04:03:05,742573.0,742797.0,2020-03-25 04:03:04
2020-03-25 04:03:06,742573.0,742797.0,2020-03-25 04:03:06
2020-03-25 04:03:07,742573.0,742797.0,2020-03-25 04:03:07
2020-03-25 04:03:08,742573.0,742797.0,2020-03-25 04:03:08
2020-03-25 04:03:09,742573.0,742797.0,2020-03-25 04:03:09
2020-03-25 04:03:10,742573.0,742797.0,2020-03-25 04:03:10
2020-03-25 04:03:11,742573.0,742797.0,2020-03-25 04:03:11
2020-03-25 04:03:12,742573.0,742797.0,2020-03-25 04:03:12
2020-03-25 04:03:13,742573.0,742797.0,2020-03-25 04:03:13
2020-03-25 04:03:14,742509.0,742991.0,2020-03-25 04:03:14
2020-03-25 04:03:15,742509.0,742991.0,2020-03-25 04:03:15
2020-03-25 04:03:16,742509.0,742991.0,2020-03-25 04:03:16
2020-03-25 04:03:17,742509.0,742991.0,2020-03-25 04:03:17
2020-03-25 04:03:18,742509.0,742991.0,2020-03-25 04:03:18
2020-03-25 04:03:19,742509.0,742991.0,2020-03-25 04:03:19
2020-03-25 04:03:20,742509.0,742991.0,2020-03-25 04:03:20
2020-03-25 04:03:21,742509.0,742991.0,2020-03-25 04:03:21
2020-03-25 04:03:23,742509.0,742991.0,2020-03-25 04:03:22
2020-03-25 04:03:24,742509.0,742991.0,2020-03-25 04:03:24
2020-03-25 04:03:25,742264.0,742915.0,2020-03-25 04:03:25
2020-03-25 04:03:26,742264.0,742915.0,2020-03-25 04:03:26
2020-03-25 04:03:27,742264.0,742915.0,2020-03-25 04:03:27
2020-03-25 04:03:28,742264.0,742915.0,2020-03-25 04:03:28
2020-03-25 04:03:29,742264.0,742915.0,2020-03-25 04:03:29
2020-03-25 04:03:30,742264.0,742915.0,2020-03-25 04:03:30
2020-03-25 04:03:31,742264.0,742915.0,2020-03-25 04:03:31
2020-03-25 04:03:32,742264.0,742915.0,2020-03-25 04:03:32
2020-03-25 04:03:33,742264.0,742915.0,2020-03-25 04:03:33
2020-03-25 04:03:34,742264.0,742915.0,2020-03-25 04:03:34
2020-03-25 04:03:35,742153.0,742327.0,2020-03-25 04:03:35
2020-03-25 04:03:36,742153.0,742327.0,2020-03-25 04:03:36
2020-03-25 04:03:37,742153.0,742327.0,2020-03-25 04:03:37
2020-03-25 04:03:38,742153.0,742327.0,2020-03-25 04:03:38
2020-03-25 04:03:39,742153.0,742327.0,2020-03-25 04:03:39
2020-03-25 04:03:40,742153.0,742327.0,2020-03-25 04:03:40
2020-03-25 04:03:42,742153.0,742327.0,2020-03-25 04:03:41
2020-03-25 04:03:43,742153.0,742327.0,2020-03-25 04:03:43
2020-03-25 04:03:44,742153.0,742327.0,2020-03-25 04:03:44
2020-03-25 04:03:45,742197.0,742682.0,2020-03-25 04:03:45
2020-03-25 04:03:46,742197.0,742682.0,2020-03-25 04:03:46
2020-03-25 04:03:47,742197.0,742682.0,2020-03-25 04:03:47
2020-03-25 04:03:48,742197.0,742682.0,2020-03-25 04:03:48
2020-03-25 04:03:49,742197.0,742682.0,2020-03-25 04:03:49
2020-03-25 04:03:50,742197.0,742682.0,2020-03-25 04:03:50
2020-03-25 04:03:51,742197.0,742682.0,2020-03-25 04:03:51
2020-03-25 04:03:52,742197.0,742682.0,2020-03-25 04:03:52
2020-03-25 04:03:53,742197.0,742682.0,2020-03-25 04:03:53
2020-03-25 04:03:54,742197.0,742682.0,2020-03-25 04:03:54
2020-03-25 04:03:55,742521.0,743104.0,2020-03-25 04:03:55
2020-03-25 04:03:56,742521.0,743104.0,2020-03-25 04:03:56
2020-03-25 04:03:58,742521.0,743104.0,2020-03-25 04:03:57
2020-03-25 04:03:59,742521.0,743104.0,2020-03-25 04:03:59
2020-03-25 04:04:00,742521.0,743104.0,2020-03-25 04:04:00
2020-03-25 04:04:01,742521.0,743104.0,2020-03-25 04:04:01
2020-03-25 04:04:02,742521.0,743104.0,2020-03-25 04:04:02
2020-03-25 04:04:03,742521.0,743104.0,2020-03-25 04:04:03
2020-03-25 04:04:04,742521.0,743104.0,2020-03-25 04:04:04
2020-03-25 04:04:05,742582.0,743076.0,2020-03-25 04:04:05
2020-03-25 04:04:07,742582.0,743076.0,2020-03-25 04:04:06
2020-03-25 04:04:08,742582.0,743076.0,2020-03-25 04:04:08
2020-03-25 04:04:09,742582.0,743076.0,2020-03-25 04:04:09
2020-03-25 04:04:10,742582.0,743076.0,2020-03-25 04:04:10
2020-03-25 04:04:11,742582.0,743076.0,2020-03-25 04:04:11
2020-03-25 04:04:12,742582.0,743076.0,2020-03-25 04:04:12
2020-03-25 04:04:14,742582.0,743076.0,2020-03-25 04:04:13
2020-03-25 04:04:15,742582.0,743076.0,2020-03-25 04:04:15
2020-03-25 04:04:16,742646.0,743063.0,2020-03-25 04:04:16
2020-03-25 04:04:17,742646.0,743063.0,2020-03-25 04:04:17
2020-03-25 04:04:18,742646.0,743063.0,2020-03-25 04:04:18
2020-03-25 04:04:19,742646.0,743063.0,2020-03-25 04:04:19
2020-03-25 04:04:20,742646.0,743063.0,2020-03-25 04:04:20
2020-03-25 04:04:22,742646.0,743063.0,2020-03-25 04:04:21
2020-03-25 04:04:23,742646.0,743063.0,2020-03-25 04:04:23
2020-03-25 04:04:24,742646.0,743063.0,2020-03-25 04:04:24
2020-03-25 04:04:25,742712.0,743194.0,2020-03-25 04:04:25
2020-03-25 04:04:26,742712.0,743194.0,2020-03-25 04:04:26
2020-03-25 04:04:27,742712.0,743194.0,2020-03-25 04:04:27
2020-03-25 04:04:28,742712.0,743194.0,2020-03-25 04:04:28
2020-03-25 04:04:29,742712.0,743194.0,2020-03-25 04:04:29
2020-03-25 04:04:30,742712.0,743194.0,2020-03-25 04:04:30
2020-03-25 04:04:31,742712.0,743194.0,2020-03-25 04:04:31
2020-03-25 04:04:32,742712.0,743194.0,2020-03-25 04:04:32
2020-03-25 04:04:33,742712.0,743194.0,2020-03-25 04:04:33
2020-03-25 04:04:34,742712.0,743194.0,2020-03-25 04:04:34
2020-03-25 04:04:35,742712.0,743194.0,2020-03-25 04:04:35
2020-03-25 04:04:37,743294.0,743747.0,2020-03-25 04:04:36
2020-03-25 04:04:38,743294.0,743747.0,2020-03-25 04:04:38
2020-03-25 04:04:39,743294.0,743747.0,2020-03-25 04:04:39
2020-03-25 04:04:40,743294.0,743747.0,2020-03-25 04:04:40
2020-03-25 04:04:41,743294.0,743747.0,2020-03-25 04:04:41
2020-03-25 04:04:42,743294.0,743747.0,2020-03-25 04:04:42
2020-03-25 04:04:43,743294.0,743747.0,2020-03-25 04:04:43
2020-03-25 04:04:44,743294.0,743747.0,2020-03-25 04:04:44
2020-03-25 04:04:45,743294.0,743747.0,2020-03-25 04:04:45
2020-03-25 04:04:46,743331.0,743787.0,2020-03-25 04:04:46
2020-03-25 04:04:47,743331.0,743787.0,2020-03-25 04:04:47
2020-03-25 04:04:48,743331.0,743787.0,2020-03-25 04:04:48
2020-03-25 04:04:49,743331.0,743787.0,2020-03-25 04:04:49
2020-03-25 04:04:50,743331.0,743787.0,2020-03-25 04:04:50
2020-03-25 04:04:51,743331.0,743787.0,2020-03-25 04:04:51
2020-03-25 04:04:52,743331.0,743787.0,2020-03-25 04:04:52
2020-03-25 04:04:53,743331.0,743787.0,2020-03-25 04:04:53
2020-03-25 04:04:54,743331.0,743787.0,2020-03-25 04:04:54
2020-03-25 04:04:55,743331.0,743787.0,2020-03-25 04:04:55
2020-03-25 04:04:56,743331.0,743787.0,2020-03-25 04:04:56
2020-03-25 04:04:57,742443.0,742902.0,2020-03-25 04:04:57
2020-03-25 04:04:59,742443.0,742902.0,2020-03-25 04:04:58
2020-03-25 04:05:00,742443.0,742902.0,2020-03-25 04:05:00
2020-03-25 04:05:01,742443.0,742902.0,2020-03-25 04:05:01
2020-03-25 04:05:02,742443.0,742902.0,2020-03-25 04:05:02
2020-03-25 04:05:03,742443.0,742902.0,2020-03-25 04:05:03
2020-03-25 04:05:04,742443.0,742902.0,2020-03-25 04:05:04
2020-03-25 04:05:05,742443.0,742902.0,2020-03-25 04:05:05
2020-03-25 04:05:06,742443.0,742902.0,2020-03-25 04:05:06
2020-03-25 04:05:07,742158.0,742820.0,2020-03-25 04:05:07
2020-03-25 04:05:08,742158.0,742820.0,2020-03-25 04:05:08
2020-03-25 04:05:09,742158.0,742820.0,2020-03-25 04:05:09
2020-03-25 04:05:10,742158.0,742820.0,2020-03-25 04:05:10
2020-03-25 04:05:11,742158.0,742820.0,2020-03-25 04:05:11
2020-03-25 04:05:12,742158.0,742820.0,2020-03-25 04:05:12
2020-03-25 04:05:13,742158.0,742820.0,2020-03-25 04:05:13
2020-03-25 04:05:14,742158.0,742820.0,2020-03-25 04:05:14
2020-03-25 04:05:15,742158.0,742820.0,2020-03-25 04:05:15
2020-03-25 04:05:16,742158.0,742820.0,2020-03-25 04:05:16
2020-03-25 04:05:17,742463.0,742968.0,2020-03-25 04:05:17
2020-03-25 04:05:19,742463.0,742968.0,2020-03-25 04:05:18
2020-03-25 04:05:20,742463.0,742968.0,2020-03-25 04:05:20
2020-03-25 04:05:21,742463.0,742968.0,2020-03-25 04:05:21
2020-03-25 04:05:22,742463.0,742968.0,2020-03-25 04:05:22
2020-03-25 04:05:23,742463.0,742968.0,2020-03-25 04:05:23
2020-03-25 04:05:24,742463.0,742968.0,2020-03-25 04:05:24
2020-03-25 04:05:25,742463.0,742968.0,2020-03-25 04:05:25
2020-03-25 04:05:26,742463.0,742968.0,2020-03-25 04:05:26
2020-03-25 04:05:27,742259.0,743052.0,2020-03-25 04:05:27
2020-03-25 04:05:28,742259.0,743052.0,2020-03-25 04:05:28
2020-03-25 04:05:29,742259.0,743052.0,2020-03-25 04:05:29
2020-03-25 04:05:30,742259.0,743052.0,2020-03-25 04:05:30
2020-03-25 04:05:31,742259.0,743052.0,2020-03-25 04:05:31
2020-03-25 04:05:32,742259.0,743052.0,2020-03-25 04:05:32
2020-03-25 04:05:33,742259.0,743052.0,2020-03-25 04:05:33
2020-03-25 04:05:34,742259.0,743052.0,2020-03-25 04:05:34
2020-03-25 04:05:35,742259.0,743052.0,2020-03-25 04:05:35
2020-03-25 04:05:36,742259.0,743052.0,2020-03-25 04:05:36
2020-03-25 04:05:37,742259.0,743052.0,2020-03-25 04:05:37
2020-03-25 04:05:38,742259.0,743052.0,2020-03-25 04:05:38
2020-03-25 04:05:40,742272.0,742837.0,2020-03-25 04:05:39
2020-03-25 04:05:41,742272.0,742837.0,2020-03-25 04:05:41
2020-03-25 04:05:42,742272.0,742837.0,2020-03-25 04:05:42
2020-03-25 04:05:43,742272.0,742837.0,2020-03-25 04:05:43
2020-03-25 04:05:44,742272.0,742837.0,2020-03-25 04:05:44
2020-03-25 04:05:45,742272.0,742837.0,2020-03-25 04:05:45
2020-03-25 04:05:46,742272.0,742837.0,2020-03-25 04:05:46
2020-03-25 04:05:47,742272.0,742837.0,2020-03-25 04:05:47
2020-03-25 04:05:48,742244.0,742779.0,2020-03-25 04:05:48
2020-03-25 04:05:49,742244.0,742779.0,2020-03-25 04:05:49
2020-03-25 04:05:50,742244.0,742779.0,2020-03-25 04:05:50
2020-03-25 04:05:51,742244.0,742779.0,2020-03-25 04:05:51
2020-03-25 04:05:52,742244.0,742779.0,2020-03-25 04:05:52
2020-03-25 04:05:53,742244.0,742779.0,2020-03-25 04:05:53
2020-03-25 04:05:54,742244.0,742779.0,2020-03-25 04:05:54
2020-03-25 04:05:55,742244.0,742779.0,2020-03-25 04:05:55
2020-03-25 04:05:56,742244.0,742779.0,2020-03-25 04:05:56
2020-03-25 04:05:57,742253.0,742730.0,2020-03-25 04:05:57
2020-03-25 04:05:59,742253.0,742730.0,2020-03-25 04:05:58
2020-03-25 04:06:00,742253.0,742730.0,2020-03-25 04:06:00
2020-03-25 04:06:01,742253.0,742730.0,2020-03-25 04:06:01
2020-03-25 04:06:02,742253.0,742730.0,2020-03-25 04:06:02
2020-03-25 04:06:03,742253.0,742730.0,2020-03-25 04:06:03
2020-03-25 04:06:04,742253.0,742730.0,2020-03-25 04:06:04
2020-03-25 04:06:05,742253.0,742730.0,2020-03-25 04:06:05
2020-03-25 04:06:06,742236.0,742677.0,2020-03-25 04:06:06
2020-03-25 04:06:07,742236.0,742677.0,2020-03-25 04:06:07
2020-03-25 04:06:08,742236.0,742677.0,2020-03-25 04:06:08
2020-03-25 04:06:09,742236.0,742677.0,2020-03-25 04:06:09
2020-03-25 04:06:10,742236.0,742677.0,2020-03-25 04:06:10
2020-03-25 04:06:11,742236.0,742677.0,2020-03-25 04:06:11
2020-03-25 04:06:12,742236.0,742677.0,2020-03-25 04:06:12
2020-03-25 04:06:13,742236.0,742677.0,2020-03-25 04:06:13
2020-03-25 04:06:14,742236.0,742677.0,2020-03-25 04:06:14
2020-03-25 04:06:15,742236.0,742677.0,2020-03-25 04:06:15
2020-03-25 04:06:16,742236.0,742677.0,2020-03-25 04:06:16
2020-03-25 04:06:17,741492.0,742185.0,2020-03-25 04:06:17
2020-03-25 04:06:19,741492.0,742185.0,2020-03-25 04:06:18
2020-03-25 04:06:20,741492.0,742185.0,2020-03-25 04:06:20
2020-03-25 04:06:21,741492.0,742185.0,2020-03-25 04:06:21
2020-03-25 04:06:22,741492.0,742185.0,2020-03-25 04:06:22
2020-03-25 04:06:23,741492.0,742185.0,2020-03-25 04:06:23
2020-03-25 04:06:24,741492.0,742185.0,2020-03-25 04:06:24
2020-03-25 04:06:25,741492.0,742185.0,2020-03-25 04:06:25
2020-03-25 04:06:26,741261.0,742144.0,2020-03-25 04:06:26
2020-03-25 04:06:27,741261.0,742144.0,2020-03-25 04:06:27
2020-03-25 04:06:28,741261.0,742144.0,2020-03-25 04:06:28
2020-03-25 04:06:29,741261.0,742144.0,2020-03-25 04:06:29
2020-03-25 04:06:30,741261.0,742144.0,2020-03-25 04:06:30
2020-03-25 04:06:31,741261.0,742144.0,2020-03-25 04:06:31
2020-03-25 04:06:32,741261.0,742144.0,2020-03-25 04:06:32
2020-03-25 04:06:33,741261.0,742144.0,2020-03-25 04:06:33
2020-03-25 04:06:34,741261.0,742144.0,2020-03-25 04:06:34
2020-03-25 04:06:35,741261.0,742144.0,2020-03-25 04:06:35
2020-03-25 04:06:36,741261.0,742144.0,2020-03-25 04:06:36
2020-03-25 04:06:37,741151.0,741792.0,2020-03-25 04:06:37
2020-03-25 04:06:39,741151.0,741792.0,2020-03-25 04:06:38
2020-03-25 04:06:40,741151.0,741792.0,2020-03-25 04:06:40
2020-03-25 04:06:41,741151.0,741792.0,2020-03-25 04:06:41
2020-03-25 04:06:42,741151.0,741792.0,2020-03-25 04:06:42
2020-03-25 04:06:43,741151.0,741792.0,2020-03-25 04:06:43
2020-03-25 04:06:44,741151.0,741792.0,2020-03-25 04:06:44
2020-03-25 04:06:45,741151.0,741792.0,2020-03-25 04:06:45
2020-03-25 04:06:46,741105.0,741742.0,2020-03-25 04:06:46
2020-03-25 04:06:47,741105.0,741742.0,2020-03-25 04:06:47
2020-03-25 04:06:48,741105.0,741742.0,2020-03-25 04:06:48
2020-03-25 04:06:49,741105.0,741742.0,2020-03-25 04:06:49
2020-03-25 04:06:50,741105.0,741742.0,2020-03-25 04:06:50
2020-03-25 04:06:51,741105.0,741742.0,2020-03-25 04:06:51
2020-03-25 04:06:52,741105.0,741742.0,2020-03-25 04:06:52
2020-03-25 04:06:53,741105.0,741742.0,2020-03-25 04:06:53
2020-03-25 04:06:54,741105.0,741742.0,2020-03-25 04:06:54
2020-03-25 04:06:56,741105.0,741742.0,2020-03-25 04:06:55
2020-03-25 04:06:57,741003.0,741616.0,2020-03-25 04:06:57
2020-03-25 04:06:58,741003.0,741616.0,2020-03-25 04:06:58
2020-03-25 04:06:59,741003.0,741616.0,2020-03-25 04:06:59
2020-03-25 04:07:00,741003.0,741616.0,2020-03-25 04:07:00
2020-03-25 04:07:01,741003.0,741616.0,2020-03-25 04:07:01
2020-03-25 04:07:02,741003.0,741616.0,2020-03-25 04:07:02
2020-03-25 04:07:03,741003.0,741616.0,2020-03-25 04:07:03
2020-03-25 04:07:04,741003.0,741616.0,2020-03-25 04:07:04
2020-03-25 04:07:05,741003.0,741551.0,2020-03-25 04:07:05
2020-03-25 04:07:06,741003.0,741551.0,2020-03-25 04:07:06
2020-03-25 04:07:07,741003.0,741551.0,2020-03-25 04:07:07
2020-03-25 04:07:08,741003.0,741551.0,2020-03-25 04:07:08
2020-03-25 04:07:09,741003.0,741551.0,2020-03-25 04:07:09
2020-03-25 04:07:10,741003.0,741551.0,2020-03-25 04:07:10
2020-03-25 04:07:11,741003.0,741551.0,2020-03-25 04:07:11
2020-03-25 04:07:13,741003.0,741551.0,2020-03-25 04:07:12
2020-03-25 04:07:14,741003.0,741551.0,2020-03-25 04:07:14
2020-03-25 04:07:15,741057.0,741425.0,2020-03-25 04:07:15
2020-03-25 04:07:16,741057.0,741425.0,2020-03-25 04:07:16
2020-03-25 04:07:17,741057.0,741425.0,2020-03-25 04:07:17
2020-03-25 04:07:18,741057.0,741425.0,2020-03-25 04:07:18
2020-03-25 04:07:19,741057.0,741425.0,2020-03-25 04:07:19
2020-03-25 04:07:20,741057.0,741425.0,2020-03-25 04:07:20
2020-03-25 04:07:21,741057.0,741425.0,2020-03-25 04:07:21
2020-03-25 04:07:22,741057.0,741425.0,2020-03-25 04:07:22
2020-03-25 04:07:23,741057.0,741425.0,2020-03-25 04:07:23
2020-03-25 04:07:24,741057.0,741425.0,2020-03-25 04:07:24
2020-03-25 04:07:25,741057.0,741425.0,2020-03-25 04:07:25
2020-03-25 04:07:26,741057.0,741425.0,2020-03-25 04:07:26
2020-03-25 04:07:27,740633.0,741327.0,2020-03-25 04:07:27
2020-03-25 04:07:28,740633.0,741327.0,2020-03-25 04:07:28
2020-03-25 04:07:29,740633.0,741327.0,2020-03-25 04:07:29
2020-03-25 04:07:30,740633.0,741327.0,2020-03-25 04:07:30
2020-03-25 04:07:31,740633.0,741327.0,2020-03-25 04:07:31
2020-03-25 04:07:33,740633.0,741327.0,2020-03-25 04:07:32
2020-03-25 04:07:34,740633.0,741327.0,2020-03-25 04:07:34
2020-03-25 04:07:35,740633.0,741327.0,2020-03-25 04:07:35
2020-03-25 04:07:36,740633.0,741327.0,2020-03-25 04:07:36
2020-03-25 04:07:37,740870.0,741554.0,2020-03-25 04:07:37
2020-03-25 04:07:38,740870.0,741554.0,2020-03-25 04:07:38
2020-03-25 04:07:39,740870.0,741554.0,2020-03-25 04:07:39
2020-03-25 04:07:40,740870.0,741554.0,2020-03-25 04:07:40
2020-03-25 04:07:41,740870.0,741554.0,2020-03-25 04:07:41
2020-03-25 04:07:42,740870.0,741554.0,2020-03-25 04:07:42
2020-03-25 04:07:43,740870.0,741554.0,2020-03-25 04:07:43
2020-03-25 04:07:44,740870.0,741554.0,2020-03-25 04:07:44
2020-03-25 04:07:45,740870.0,741554.0,2020-03-25 04:07:45
2020-03-25 04:07:46,740794.0,741251.0,2020-03-25 04:07:46
2020-03-25 04:07:47,740794.0,741251.0,2020-03-25 04:07:47
2020-03-25 04:07:48,740794.0,741251.0,2020-03-25 04:07:48
2020-03-25 04:07:49,740794.0,741251.0,2020-03-25 04:07:49
2020-03-25 04:07:50,740794.0,741251.0,2020-03-25 04:07:50
2020-03-25 04:07:51,740794.0,741251.0,2020-03-25 04:07:51
2020-03-25 04:07:52,740794.0,741251.0,2020-03-25 04:07:52
2020-03-25 04:07:54,740794.0,741251.0,2020-03-25 04:07:53
2020-03-25 04:07:55,740794.0,741251.0,2020-03-25 04:07:55
2020-03-25 04:07:56,740810.0,741477.0,2020-03-25 04:07:56
2020-03-25 04:07:57,740810.0,741477.0,2020-03-25 04:07:57
2020-03-25 04:07:58,740810.0,741477.0,2020-03-25 04:07:58
2020-03-25 04:07:59,740810.0,741477.0,2020-03-25 04:07:59
2020-03-25 04:08:00,740810.0,741477.0,2020-03-25 04:08:00
2020-03-25 04:08:01,740810.0,741477.0,2020-03-25 04:08:01
2020-03-25 04:08:02,740810.0,741477.0,2020-03-25 04:08:02
2020-03-25 04:08:03,740810.0,741477.0,2020-03-25 04:08:03
2020-03-25 04:08:04,740974.0,741587.0,2020-03-25 04:08:04
2020-03-25 04:08:05,740974.0,741587.0,2020-03-25 04:08:05
2020-03-25 04:08:06,740974.0,741587.0,2020-03-25 04:08:06
2020-03-25 04:08:07,740974.0,741587.0,2020-03-25 04:08:07
2020-03-25 04:08:08,740974.0,741587.0,2020-03-25 04:08:08
2020-03-25 04:08:09,740974.0,741587.0,2020-03-25 04:08:09
2020-03-25 04:08:10,740974.0,741587.0,2020-03-25 04:08:10
2020-03-25 04:08:11,740974.0,741587.0,2020-03-25 04:08:11
