timestamp,bid,ask,tick_timestamp
2020-03-25 03:37:38,741122.0,741722.0,2020-03-25 03:37:37
2020-03-25 03:37:39,741213.0,741654.0,2020-03-25 03:37:39
2020-03-25 03:37:40,741213.0,741654.0,2020-03-25 03:37:40
2020-03-25 03:37:41,741519.0,741659.0,2020-03-25 03:37:41
2020-03-25 03:37:42,741519.0,741659.0,2020-03-25 03:37:42
2020-03-25 03:37:43,741374.0,741659.0,2020-03-25 03:37:43
2020-03-25 03:37:44,741374.0,741659.0,2020-03-25 03:37:44
2020-03-25 03:37:46,741276.0,741324.0,2020-03-25 03:37:45
2020-03-25 03:37:47,741276.0,741324.0,2020-03-25 03:37:47
2020-03-25 03:37:48,741277.0,741313.0,2020-03-25 03:37:48
2020-03-25 03:37:49,741277.0,741313.0,2020-03-25 03:37:49
2020-03-25 03:37:50,741047.0,741254.0,2020-03-25 03:37:50
2020-03-25 03:37:51,741047.0,741254.0,2020-03-25 03:37:51
2020-03-25 03:37:52,740996.0,741343.0,2020-03-25 03:37:52
2020-03-25 03:37:53,740996.0,741343.0,2020-03-25 03:37:53
2020-03-25 03:37:54,740703.0,740988.0,2020-03-25 03:37:54
2020-03-25 03:37:55,740703.0,740988.0,2020-03-25 03:37:55
2020-03-25 03:37:56,740647.0,740937.0,2020-03-25 03:37:56
2020-03-25 03:37:57,740647.0,740937.0,2020-03-25 03:37:57
2020-03-25 03:37:58,740988.0,741248.0,2020-03-25 03:37:58
2020-03-25 03:37:59,740988.0,741248.0,2020-03-25 03:37:59
2020-03-25 03:38:00,740988.0,740998.0,2020-03-25 03:38:00
2020-03-25 03:38:01,740988.0,740998.0,2020-03-25 03:38:01
2020-03-25 03:38:02,740988.0,741284.0,2020-03-25 03:38:02
2020-03-25 03:38:04,740988.0,741284.0,2020-03-25 03:38:03
2020-03-25 03:38:05,740850.0,740907.0,2020-03-25 03:38:05
2020-03-25 03:38:06,740850.0,740907.0,2020-03-25 03:38:06
2020-03-25 03:38:07,740553.0,740850.0,2020-03-25 03:38:07
2020-03-25 03:38:08,740553.0,740850.0,2020-03-25 03:38:08
2020-03-25 03:38:09,740608.0,741096.0,2020-03-25 03:38:09
2020-03-25 03:38:10,740608.0,741096.0,2020-03-25 03:38:10
2020-03-25 03:38:11,740751.0,741127.0,2020-03-25 03:38:11
2020-03-25 03:38:12,740751.0,741127.0,2020-03-25 03:38:12
2020-03-25 03:38:13,740752.0,741127.0,2020-03-25 03:38:13
2020-03-25 03:38:14,740752.0,741127.0,2020-03-25 03:38:14
2020-03-25 03:38:15,741327.0,741384.0,2020-03-25 03:38:15
2020-03-25 03:38:16,741327.0,741384.0,2020-03-25 03:38:16
2020-03-25 03:38:17,741217.0,741379.0,2020-03-25 03:38:17
2020-03-25 03:38:18,741217.0,741379.0,2020-03-25 03:38:18
2020-03-25 03:38:19,740848.0,741097.0,2020-03-25 03:38:19
2020-03-25 03:38:20,740848.0,741097.0,2020-03-25 03:38:20
2020-03-25 03:38:22,740703.0,740886.0,2020-03-25 03:38:21
2020-03-25 03:38:23,740703.0,740886.0,2020-03-25 03:38:23
2020-03-25 03:38:24,740242.0,740786.0,2020-03-25 03:38:24
2020-03-25 03:38:25,740242.0,740786.0,2020-03-25 03:38:25
2020-03-25 03:38:26,740412.0,740786.0,2020-03-25 03:38:26
2020-03-25 03:38:27,740412.0,740786.0,2020-03-25 03:38:27
2020-03-25 03:38:28,740649.0,740725.0,2020-03-25 03:38:28
2020-03-25 03:38:29,740649.0,740725.0,2020-03-25 03:38:29
2020-03-25 03:38:30,740488.0,740654.0,2020-03-25 03:38:30
2020-03-25 03:38:31,740488.0,740654.0,2020-03-25 03:38:31
2020-03-25 03:38:32,740689.0,741474.0,2020-03-25 03:38:32
2020-03-25 03:38:33,740689.0,741474.0,2020-03-25 03:38:33
2020-03-25 03:38:34,740713.0,741299.0,2020-03-25 03:38:34
2020-03-25 03:38:35,740713.0,741299.0,2020-03-25 03:38:35
2020-03-25 03:38:36,740698.0,741187.0,2020-03-25 03:38:36
2020-03-25 03:38:37,740698.0,741187.0,2020-03-25 03:38:37
2020-03-25 03:38:38,740545.0,741162.0,2020-03-25 03:38:38
2020-03-25 03:38:39,740545.0,741162.0,2020-03-25 03:38:39
2020-03-25 03:38:40,740816.0,741169.0,2020-03-25 03:38:40
2020-03-25 03:38:42,740816.0,741169.0,2020-03-25 03:38:41
2020-03-25 03:38:43,740717.0,741152.0,2020-03-25 03:38:43
2020-03-25 03:38:44,740717.0,741152.0,2020-03-25 03:38:44
2020-03-25 03:38:45,740718.0,741151.0,2020-03-25 03:38:45
2020-03-25 03:38:46,740718.0,741151.0,2020-03-25 03:38:46
2020-03-25 03:38:47,740609.0,740814.0,2020-03-25 03:38:47
2020-03-25 03:38:48,740609.0,740814.0,2020-03-25 03:38:48
2020-03-25 03:38:49,740627.0,740810.0,2020-03-25 03:38:49
2020-03-25 03:38:50,740627.0,740810.0,2020-03-25 03:38:50
2020-03-25 03:38:51,740627.0,740810.0,2020-03-25 03:38:51
2020-03-25 03:38:52,740627.0,740810.0,2020-03-25 03:38:52
2020-03-25 03:38:53,741165.0,741266.0,2020-03-25 03:38:53
2020-03-25 03:38:54,741165.0,741266.0,2020-03-25 03:38:54
2020-03-25 03:38:55,740863.0,741017.0,2020-03-25 03:38:55
2020-03-25 03:38:56,740863.0,741017.0,2020-03-25 03:38:56
2020-03-25 03:38:57,740684.0,741163.0,2020-03-25 03:38:57
2020-03-25 03:38:58,740684.0,741163.0,2020-03-25 03:38:58
2020-03-25 03:38:59,740712.0,740949.0,2020-03-25 03:38:59
2020-03-25 03:39:01,740712.0,740949.0,2020-03-25 03:39:00
2020-03-25 03:39:02,741424.0,741485.0,2020-03-25 03:39:02
2020-03-25 03:39:03,741424.0,741485.0,2020-03-25 03:39:03
2020-03-25 03:39:04,741401.0,741575.0,2020-03-25 03:39:04
2020-03-25 03:39:05,741448.0,741573.0,2020-03-25 03:39:05
2020-03-25 03:39:06,741448.0,741573.0,2020-03-25 03:39:06
2020-03-25 03:39:07,741449.0,741573.0,2020-03-25 03:39:07
2020-03-25 03:39:08,741449.0,741573.0,2020-03-25 03:39:08
2020-03-25 03:39:09,741844.0,741863.0,2020-03-25 03:39:09
2020-03-25 03:39:10,741844.0,741863.0,2020-03-25 03:39:10
2020-03-25 03:39:11,741844.0,741863.0,2020-03-25 03:39:11
2020-03-25 03:39:12,741844.0,741863.0,2020-03-25 03:39:12
2020-03-25 03:39:13,741844.0,741863.0,2020-03-25 03:39:13
2020-03-25 03:39:14,741844.0,741863.0,2020-03-25 03:39:14
2020-03-25 03:39:15,741704.0,741954.0,2020-03-25 03:39:15
2020-03-25 03:39:16,741704.0,741954.0,2020-03-25 03:39:16
2020-03-25 03:39:17,741704.0,741896.0,2020-03-25 03:39:17
2020-03-25 03:39:19,741704.0,741896.0,2020-03-25 03:39:18
2020-03-25 03:39:20,741517.0,741896.0,2020-03-25 03:39:20
2020-03-25 03:39:21,741517.0,741896.0,2020-03-25 03:39:21
2020-03-25 03:39:22,741634.0,742047.0,2020-03-25 03:39:22
2020-03-25 03:39:23,741634.0,742047.0,2020-03-25 03:39:23
2020-03-25 03:39:24,741924.0,742047.0,2020-03-25 03:39:24
2020-03-25 03:39:25,741924.0,742047.0,2020-03-25 03:39:25
2020-03-25 03:39:26,741904.0,742047.0,2020-03-25 03:39:26
2020-03-25 03:39:27,741904.0,742047.0,2020-03-25 03:39:27
2020-03-25 03:39:28,741778.0,742086.0,2020-03-25 03:39:28
2020-03-25 03:39:29,741778.0,742086.0,2020-03-25 03:39:29
2020-03-25 03:39:30,741783.0,742235.0,2020-03-25 03:39:30
2020-03-25 03:39:31,741783.0,742235.0,2020-03-25 03:39:31
2020-03-25 03:39:32,741754.0,741943.0,2020-03-25 03:39:32
2020-03-25 03:39:33,741754.0,741943.0,2020-03-25 03:39:33
2020-03-25 03:39:34,741754.0,741795.0,2020-03-25 03:39:34
2020-03-25 03:39:35,741754.0,741795.0,2020-03-25 03:39:35
2020-03-25 03:39:37,741766.0,741943.0,2020-03-25 03:39:36
2020-03-25 03:39:38,741766.0,741943.0,2020-03-25 03:39:38
2020-03-25 03:39:39,741767.0,742010.0,2020-03-25 03:39:39
2020-03-25 03:39:40,741767.0,742010.0,2020-03-25 03:39:40
2020-03-25 03:39:41,741813.0,742028.0,2020-03-25 03:39:41
2020-03-25 03:39:42,741813.0,742028.0,2020-03-25 03:39:42
2020-03-25 03:39:43,741868.0,742023.0,2020-03-25 03:39:43
2020-03-25 03:39:44,741868.0,742023.0,2020-03-25 03:39:44
2020-03-25 03:39:45,742814.0,742854.0,2020-03-25 03:39:45
2020-03-25 03:39:46,742814.0,742854.0,2020-03-25 03:39:46
2020-03-25 03:39:47,742703.0,742971.0,2020-03-25 03:39:47
2020-03-25 03:39:48,742703.0,742971.0,2020-03-25 03:39:48
2020-03-25 03:39:49,742659.0,742794.0,2020-03-25 03:39:49
2020-03-25 03:39:50,742659.0,742794.0,2020-03-25 03:39:50
2020-03-25 03:39:51,742594.0,742746.0,2020-03-25 03:39:51
2020-03-25 03:39:52,742594.0,742746.0,2020-03-25 03:39:52
2020-03-25 03:39:53,742641.0,742861.0,2020-03-25 03:39:53
2020-03-25 03:39:54,742641.0,742861.0,2020-03-25 03:39:54
2020-03-25 03:39:55,742714.0,742847.0,2020-03-25 03:39:55
2020-03-25 03:39:57,742714.0,742847.0,2020-03-25 03:39:56
2020-03-25 03:39:58,742945.0,742975.0,2020-03-25 03:39:58
2020-03-25 03:39:59,742945.0,742975.0,2020-03-25 03:39:59
2020-03-25 03:40:00,742819.0,742965.0,2020-03-25 03:40:00
2020-03-25 03:40:01,742819.0,742965.0,2020-03-25 03:40:01
2020-03-25 03:40:02,742921.0,743000.0,2020-03-25 03:40:02
2020-03-25 03:40:03,742921.0,743000.0,2020-03-25 03:40:03
2020-03-25 03:40:04,743187.0,743360.0,2020-03-25 03:40:04
2020-03-25 03:40:05,743187.0,743360.0,2020-03-25 03:40:05
2020-03-25 03:40:06,743232.0,743496.0,2020-03-25 03:40:06
2020-03-25 03:40:07,743232.0,743496.0,2020-03-25 03:40:07
2020-03-25 03:40:08,743152.0,743157.0,2020-03-25 03:40:08
2020-03-25 03:40:09,743152.0,743157.0,2020-03-25 03:40:09
2020-03-25 03:40:10,743135.0,743209.0,2020-03-25 03:40:10
2020-03-25 03:40:11,743135.0,743209.0,2020-03-25 03:40:11
2020-03-25 03:40:12,742921.0,742966.0,2020-03-25 03:40:12
2020-03-25 03:40:13,742921.0,742966.0,2020-03-25 03:40:13
2020-03-25 03:40:15,742537.0,742922.0,2020-03-25 03:40:14
2020-03-25 03:40:16,742537.0,742922.0,2020-03-25 03:40:16
2020-03-25 03:40:17,742662.0,742888.0,2020-03-25 03:40:17
2020-03-25 03:40:18,742662.0,742888.0,2020-03-25 03:40:18
2020-03-25 03:40:19,742707.0,742886.0,2020-03-25 03:40:19
2020-03-25 03:40:20,742707.0,742886.0,2020-03-25 03:40:20
2020-03-25 03:40:21,742609.0,742886.0,2020-03-25 03:40:21
2020-03-25 03:40:22,742609.0,742886.0,2020-03-25 03:40:22
2020-03-25 03:40:23,742465.0,742711.0,2020-03-25 03:40:23
2020-03-25 03:40:24,742465.0,742711.0,2020-03-25 03:40:24
2020-03-25 03:40:25,742478.0,742677.0,2020-03-25 03:40:25
2020-03-25 03:40:26,742478.0,742677.0,2020-03-25 03:40:26
2020-03-25 03:40:27,742528.0,742821.0,2020-03-25 03:40:27
2020-03-25 03:40:28,742528.0,742821.0,2020-03-25 03:40:28
2020-03-25 03:40:29,742500.0,742800.0,2020-03-25 03:40:29
2020-03-25 03:40:30,742500.0,742800.0,2020-03-25 03:40:30
2020-03-25 03:40:31,742500.0,742769.0,2020-03-25 03:40:31
2020-03-25 03:40:32,742500.0,742769.0,2020-03-25 03:40:32
2020-03-25 03:40:33,742137.0,742276.0,2020-03-25 03:40:33
2020-03-25 03:40:35,742137.0,742276.0,2020-03-25 03:40:34
2020-03-25 03:40:36,742033.0,742182.0,2020-03-25 03:40:36
2020-03-25 03:40:37,742033.0,742182.0,2020-03-25 03:40:37
2020-03-25 03:40:38,742033.0,742156.0,2020-03-25 03:40:38
2020-03-25 03:40:39,741947.0,742135.0,2020-03-25 03:40:39
2020-03-25 03:40:40,741947.0,742135.0,2020-03-25 03:40:40
2020-03-25 03:40:41,741947.0,742180.0,2020-03-25 03:40:41
2020-03-25 03:40:42,741947.0,742180.0,2020-03-25 03:40:42
2020-03-25 03:40:43,741975.0,742170.0,2020-03-25 03:40:43
2020-03-25 03:40:44,742033.0,742170.0,2020-03-25 03:40:44
2020-03-25 03:40:45,741975.0,742109.0,2020-03-25 03:40:45
2020-03-25 03:40:46,741975.0,742109.0,2020-03-25 03:40:46
2020-03-25 03:40:47,741714.0,742105.0,2020-03-25 03:40:47
2020-03-25 03:40:48,741714.0,742105.0,2020-03-25 03:40:48
2020-03-25 03:40:49,741811.0,742055.0,2020-03-25 03:40:49
2020-03-25 03:40:50,741811.0,742055.0,2020-03-25 03:40:50
2020-03-25 03:40:52,741816.0,742055.0,2020-03-25 03:40:51
2020-03-25 03:40:53,741816.0,742055.0,2020-03-25 03:40:53
2020-03-25 03:40:54,741751.0,742028.0,2020-03-25 03:40:54
2020-03-25 03:40:55,741751.0,742028.0,2020-03-25 03:40:55
2020-03-25 03:40:56,741630.0,741928.0,2020-03-25 03:40:56
2020-03-25 03:40:57,741630.0,741928.0,2020-03-25 03:40:57
2020-03-25 03:40:58,741633.0,741823.0,2020-03-25 03:40:58
2020-03-25 03:40:59,741633.0,741823.0,2020-03-25 03:40:59
2020-03-25 03:41:00,741583.0,741807.0,2020-03-25 03:41:00
2020-03-25 03:41:01,741583.0,741807.0,2020-03-25 03:41:01
2020-03-25 03:41:02,741584.0,741836.0,2020-03-25 03:41:02
2020-03-25 03:41:03,741584.0,741836.0,2020-03-25 03:41:03
2020-03-25 03:41:04,741583.0,741630.0,2020-03-25 03:41:04
2020-03-25 03:41:05,741583.0,741630.0,2020-03-25 03:41:05
2020-03-25 03:41:06,741520.0,741630.0,2020-03-25 03:41:06
2020-03-25 03:41:07,741520.0,741630.0,2020-03-25 03:41:07
2020-03-25 03:41:08,741520.0,741846.0,2020-03-25 03:41:08
2020-03-25 03:41:09,741520.0,741846.0,2020-03-25 03:41:09
2020-03-25 03:41:11,741421.0,741798.0,2020-03-25 03:41:10
2020-03-25 03:41:12,741421.0,741798.0,2020-03-25 03:41:12
2020-03-25 03:41:13,741384.0,741823.0,2020-03-25 03:41:13
2020-03-25 03:41:14,741384.0,741823.0,2020-03-25 03:41:14
2020-03-25 03:41:15,740622.0,740964.0,2020-03-25 03:41:15
2020-03-25 03:41:16,740622.0,740964.0,2020-03-25 03:41:16
2020-03-25 03:41:17,740809.0,740997.0,2020-03-25 03:41:17
2020-03-25 03:41:18,740809.0,740997.0,2020-03-25 03:41:18
2020-03-25 03:41:19,740859.0,740924.0,2020-03-25 03:41:19
2020-03-25 03:41:20,740859.0,740924.0,2020-03-25 03:41:20
2020-03-25 03:41:21,740642.0,740923.0,2020-03-25 03:41:21
2020-03-25 03:41:22,740642.0,740923.0,2020-03-25 03:41:22
2020-03-25 03:41:23,740637.0,740708.0,2020-03-25 03:41:23
2020-03-25 03:41:24,740637.0,740708.0,2020-03-25 03:41:24
2020-03-25 03:41:25,740379.0,740493.0,2020-03-25 03:41:25
2020-03-25 03:41:26,740379.0,740493.0,2020-03-25 03:41:26
2020-03-25 03:41:27,740313.0,740622.0,2020-03-25 03:41:27
2020-03-25 03:41:28,740313.0,740622.0,2020-03-25 03:41:28
2020-03-25 03:41:30,740314.0,740622.0,2020-03-25 03:41:29
2020-03-25 03:41:31,740314.0,740622.0,2020-03-25 03:41:31
2020-03-25 03:41:32,740315.0,740622.0,2020-03-25 03:41:32
2020-03-25 03:41:33,740315.0,740622.0,2020-03-25 03:41:33
2020-03-25 03:41:34,740346.0,740622.0,2020-03-25 03:41:34
2020-03-25 03:41:35,740346.0,740622.0,2020-03-25 03:41:35
2020-03-25 03:41:36,740439.0,740622.0,2020-03-25 03:41:36
2020-03-25 03:41:37,740439.0,740622.0,2020-03-25 03:41:37
2020-03-25 03:41:38,740166.0,740622.0,2020-03-25 03:41:38
2020-03-25 03:41:39,740166.0,740622.0,2020-03-25 03:41:39
2020-03-25 03:41:40,740299.0,740584.0,2020-03-25 03:41:40
2020-03-25 03:41:41,740294.0,740584.0,2020-03-25 03:41:41
2020-03-25 03:41:42,740294.0,740584.0,2020-03-25 03:41:42
2020-03-25 03:41:43,740295.0,740585.0,2020-03-25 03:41:43
2020-03-25 03:41:44,740295.0,740585.0,2020-03-25 03:41:44
2020-03-25 03:41:45,740297.0,740555.0,2020-03-25 03:41:45
2020-03-25 03:41:47,740297.0,740555.0,2020-03-25 03:41:46
2020-03-25 03:41:48,741148.0,741193.0,2020-03-25 03:41:48
2020-03-25 03:41:49,741148.0,741193.0,2020-03-25 03:41:49
2020-03-25 03:41:50,741025.0,741276.0,2020-03-25 03:41:50
2020-03-25 03:41:51,741025.0,741276.0,2020-03-25 03:41:51
2020-03-25 03:41:52,741223.0,741259.0,2020-03-25 03:41:52
2020-03-25 03:41:53,741223.0,741259.0,2020-03-25 03:41:53
2020-03-25 03:41:54,741071.0,741325.0,2020-03-25 03:41:54
2020-03-25 03:41:55,741071.0,741325.0,2020-03-25 03:41:55
2020-03-25 03:41:56,741101.0,741186.0,2020-03-25 03:41:56
2020-03-25 03:41:57,741101.0,741186.0,2020-03-25 03:41:57
2020-03-25 03:41:58,740988.0,741185.0,2020-03-25 03:41:58
2020-03-25 03:41:59,740988.0,741185.0,2020-03-25 03:41:59
2020-03-25 03:42:00,741015.0,741185.0,2020-03-25 03:42:00
2020-03-25 03:42:01,741015.0,741185.0,2020-03-25 03:42:01
2020-03-25 03:42:02,741411.0,741459.0,2020-03-25 03:42:02
2020-03-25 03:42:03,741411.0,741459.0,2020-03-25 03:42:03
2020-03-25 03:42:05,741570.0,741641.0,2020-03-25 03:42:04
2020-03-25 03:42:06,741570.0,741641.0,2020-03-25 03:42:06
2020-03-25 03:42:07,741375.0,741636.0,2020-03-25 03:42:07
2020-03-25 03:42:08,741375.0,741636.0,2020-03-25 03:42:08
2020-03-25 03:42:09,741490.0,741514.0,2020-03-25 03:42:09
2020-03-25 03:42:10,741490.0,741514.0,2020-03-25 03:42:10
2020-03-25 03:42:11,741534.0,741844.0,2020-03-25 03:42:11
2020-03-25 03:42:12,741534.0,741844.0,2020-03-25 03:42:12
2020-03-25 03:42:13,741738.0,741844.0,2020-03-25 03:42:13
2020-03-25 03:42:14,741738.0,741844.0,2020-03-25 03:42:14
2020-03-25 03:42:15,741496.0,741824.0,2020-03-25 03:42:15
2020-03-25 03:42:16,741496.0,741824.0,2020-03-25 03:42:16
2020-03-25 03:42:17,741295.0,741823.0,2020-03-25 03:42:17
2020-03-25 03:42:18,741295.0,741823.0,2020-03-25 03:42:18
2020-03-25 03:42:19,741353.0,741799.0,2020-03-25 03:42:19
2020-03-25 03:42:20,741353.0,741799.0,2020-03-25 03:42:20
2020-03-25 03:42:22,741345.0,741798.0,2020-03-25 03:42:21
2020-03-25 03:42:23,741345.0,741798.0,2020-03-25 03:42:23
2020-03-25 03:42:24,740373.0,740986.0,2020-03-25 03:42:24
2020-03-25 03:42:25,740373.0,740986.0,2020-03-25 03:42:25
2020-03-25 03:42:26,740544.0,740769.0,2020-03-25 03:42:26
2020-03-25 03:42:27,740544.0,740769.0,2020-03-25 03:42:27
2020-03-25 03:42:28,740595.0,740612.0,2020-03-25 03:42:28
2020-03-25 03:42:29,740595.0,740612.0,2020-03-25 03:42:29
2020-03-25 03:42:30,740579.0,740612.0,2020-03-25 03:42:30
2020-03-25 03:42:31,740579.0,740612.0,2020-03-25 03:42:31
2020-03-25 03:42:32,740362.0,740677.0,2020-03-25 03:42:32
2020-03-25 03:42:33,740362.0,740677.0,2020-03-25 03:42:33
2020-03-25 03:42:34,740348.0,740423.0,2020-03-25 03:42:34
2020-03-25 03:42:35,740348.0,740423.0,2020-03-25 03:42:35
2020-03-25 03:42:36,740388.0,740423.0,2020-03-25 03:42:36
2020-03-25 03:42:37,740388.0,740423.0,2020-03-25 03:42:37
2020-03-25 03:42:38,740101.0,740436.0,2020-03-25 03:42:38
2020-03-25 03:42:39,740101.0,740436.0,2020-03-25 03:42:39
2020-03-25 03:42:41,739941.0,740200.0,2020-03-25 03:42:40
2020-03-25 03:42:42,739941.0,740200.0,2020-03-25 03:42:42
2020-03-25 03:42:43,740203.0,740430.0,2020-03-25 03:42:43
2020-03-25 03:42:44,740203.0,740430.0,2020-03-25 03:42:44
2020-03-25 03:42:45,740204.0,740418.0,2020-03-25 03:42:45
2020-03-25 03:42:46,740204.0,740418.0,2020-03-25 03:42:46
2020-03-25 03:42:47,740204.0,740510.0,2020-03-25 03:42:47
2020-03-25 03:42:48,740204.0,740510.0,2020-03-25 03:42:48
2020-03-25 03:42:49,739999.0,740133.0,2020-03-25 03:42:49
2020-03-25 03:42:50,739999.0,740133.0,2020-03-25 03:42:50
2020-03-25 03:42:51,739891.0,740133.0,2020-03-25 03:42:51
2020-03-25 03:42:52,739891.0,740133.0,2020-03-25 03:42:52
2020-03-25 03:42:53,739821.0,740118.0,2020-03-25 03:42:53
2020-03-25 03:42:54,739821.0,740118.0,2020-03-25 03:42:54
2020-03-25 03:42:55,739821.0,740118.0,2020-03-25 03:42:55
2020-03-25 03:42:56,739821.0,740118.0,2020-03-25 03:42:56
2020-03-25 03:42:57,740122.0,740351.0,2020-03-25 03:42:57
2020-03-25 03:42:58,740122.0,740351.0,2020-03-25 03:42:58
2020-03-25 03:43:00,740145.0,740346.0,2020-03-25 03:42:59
2020-03-25 03:43:01,740145.0,740346.0,2020-03-25 03:43:01
2020-03-25 03:43:02,739790.0,740193.0,2020-03-25 03:43:02
2020-03-25 03:43:03,739790.0,740193.0,2020-03-25 03:43:03
2020-03-25 03:43:04,739911.0,740193.0,2020-03-25 03:43:04
2020-03-25 03:43:05,739698.0,739780.0,2020-03-25 03:43:05
2020-03-25 03:43:06,739698.0,739780.0,2020-03-25 03:43:06
2020-03-25 03:43:07,739830.0,740142.0,2020-03-25 03:43:07
2020-03-25 03:43:08,739830.0,740142.0,2020-03-25 03:43:08
2020-03-25 03:43:09,739754.0,740074.0,2020-03-25 03:43:09
2020-03-25 03:43:10,739754.0,740074.0,2020-03-25 03:43:10
2020-03-25 03:43:11,739359.0,739431.0,2020-03-25 03:43:11
2020-03-25 03:43:12,739359.0,739431.0,2020-03-25 03:43:12
2020-03-25 03:43:13,739381.0,739446.0,2020-03-25 03:43:13
2020-03-25 03:43:14,739381.0,739446.0,2020-03-25 03:43:14
2020-03-25 03:43:16,739384.0,739731.0,2020-03-25 03:43:15
2020-03-25 03:43:17,739384.0,739731.0,2020-03-25 03:43:17
2020-03-25 03:43:18,739682.0,739732.0,2020-03-25 03:43:18
2020-03-25 03:43:19,739682.0,739732.0,2020-03-25 03:43:19
2020-03-25 03:43:20,739976.0,739985.0,2020-03-25 03:43:20
2020-03-25 03:43:21,739976.0,739985.0,2020-03-25 03:43:21
2020-03-25 03:43:22,740001.0,740201.0,2020-03-25 03:43:22
2020-03-25 03:43:23,740001.0,740201.0,2020-03-25 03:43:23
2020-03-25 03:43:24,739980.0,740305.0,2020-03-25 03:43:24
2020-03-25 03:43:25,739980.0,740305.0,2020-03-25 03:43:25
2020-03-25 03:43:26,740052.0,740305.0,2020-03-25 03:43:26
2020-03-25 03:43:27,740052.0,740305.0,2020-03-25 03:43:27
2020-03-25 03:43:28,740060.0,740355.0,2020-03-25 03:43:28
2020-03-25 03:43:29,740060.0,740355.0,2020-03-25 03:43:29
2020-03-25 03:43:30,740060.0,740305.0,2020-03-25 03:43:30
2020-03-25 03:43:31,740060.0,740305.0,2020-03-25 03:43:31
2020-03-25 03:43:32,739664.0,739926.0,2020-03-25 03:43:32
2020-03-25 03:43:34,739664.0,739926.0,2020-03-25 03:43:33
2020-03-25 03:43:35,739552.0,739995.0,2020-03-25 03:43:35
2020-03-25 03:43:36,739552.0,739995.0,2020-03-25 03:43:36
2020-03-25 03:43:37,739385.0,739473.0,2020-03-25 03:43:37
2020-03-25 03:43:38,739385.0,739473.0,2020-03-25 03:43:38
2020-03-25 03:43:39,739319.0,739557.0,2020-03-25 03:43:39
2020-03-25 03:43:40,739319.0,739557.0,2020-03-25 03:43:40
2020-03-25 03:43:41,739224.0,739446.0,2020-03-25 03:43:41
2020-03-25 03:43:42,739224.0,739446.0,2020-03-25 03:43:42
2020-03-25 03:43:43,739225.0,739572.0,2020-03-25 03:43:43
2020-03-25 03:43:44,739225.0,739572.0,2020-03-25 03:43:44
2020-03-25 03:43:45,739225.0,739564.0,2020-03-25 03:43:45
2020-03-25 03:43:46,739225.0,739564.0,2020-03-25 03:43:46
2020-03-25 03:43:47,739419.0,739577.0,2020-03-25 03:43:47
2020-03-25 03:43:48,739419.0,739577.0,2020-03-25 03:43:48
2020-03-25 03:43:49,739474.0,739577.0,2020-03-25 03:43:49
2020-03-25 03:43:50,739474.0,739577.0,2020-03-25 03:43:50
2020-03-25 03:43:51,739474.0,739597.0,2020-03-25 03:43:51
2020-03-25 03:43:52,739474.0,739597.0,2020-03-25 03:43:52
2020-03-25 03:43:54,739590.0,739648.0,2020-03-25 03:43:53
2020-03-25 03:43:55,739590.0,739648.0,2020-03-25 03:43:55
2020-03-25 03:43:56,739326.0,739999.0,2020-03-25 03:43:56
2020-03-25 03:43:57,739326.0,739999.0,2020-03-25 03:43:57
2020-03-25 03:43:58,739326.0,739769.0,2020-03-25 03:43:58
2020-03-25 03:43:59,739326.0,739769.0,2020-03-25 03:43:59
2020-03-25 03:44:00,739186.0,739576.0,2020-03-25 03:44:00
2020-03-25 03:44:01,739186.0,739576.0,2020-03-25 03:44:01
2020-03-25 03:44:02,739086.0,739507.0,2020-03-25 03:44:02
2020-03-25 03:44:03,739086.0,739507.0,2020-03-25 03:44:03
2020-03-25 03:44:04,739367.0,739489.0,2020-03-25 03:44:04
2020-03-25 03:44:05,739367.0,739489.0,2020-03-25 03:44:05
2020-03-25 03:44:06,739260.0,739794.0,2020-03-25 03:44:06
2020-03-25 03:44:07,739260.0,739794.0,2020-03-25 03:44:07
2020-03-25 03:44:08,739090.0,739549.0,2020-03-25 03:44:08
2020-03-25 03:44:09,739090.0,739549.0,2020-03-25 03:44:09
2020-03-25 03:44:10,739252.0,739548.0,2020-03-25 03:44:10
2020-03-25 03:44:11,739252.0,739548.0,2020-03-25 03:44:11
2020-03-25 03:44:13,739183.0,739544.0,2020-03-25 03:44:12
2020-03-25 03:44:14,739183.0,739544.0,2020-03-25 03:44:14
2020-03-25 03:44:15,739110.0,739544.0,2020-03-25 03:44:15
2020-03-25 03:44:16,739110.0,739544.0,2020-03-25 03:44:16
2020-03-25 03:44:17,739125.0,739355.0,2020-03-25 03:44:17
2020-03-25 03:44:18,739125.0,739355.0,2020-03-25 03:44:18
2020-03-25 03:44:19,739126.0,739356.0,2020-03-25 03:44:19
2020-03-25 03:44:20,739126.0,739356.0,2020-03-25 03:44:20
2020-03-25 03:44:21,739126.0,739441.0,2020-03-25 03:44:21
2020-03-25 03:44:22,739126.0,739441.0,2020-03-25 03:44:22
2020-03-25 03:44:23,739126.0,739407.0,2020-03-25 03:44:23
2020-03-25 03:44:24,739126.0,739407.0,2020-03-25 03:44:24
2020-03-25 03:44:25,739377.0,739814.0,2020-03-25 03:44:25
2020-03-25 03:44:26,739444.0,739672.0,2020-03-25 03:44:26
2020-03-25 03:44:27,739444.0,739672.0,2020-03-25 03:44:27
2020-03-25 03:44:28,739619.0,739931.0,2020-03-25 03:44:28
2020-03-25 03:44:29,739619.0,739931.0,2020-03-25 03:44:29
2020-03-25 03:44:31,739638.0,739945.0,2020-03-25 03:44:30
2020-03-25 03:44:32,739638.0,739945.0,2020-03-25 03:44:32
2020-03-25 03:44:33,739877.0,740229.0,2020-03-25 03:44:33
2020-03-25 03:44:34,739877.0,740229.0,2020-03-25 03:44:34
2020-03-25 03:44:35,740001.0,740064.0,2020-03-25 03:44:35
2020-03-25 03:44:36,740001.0,740064.0,2020-03-25 03:44:36
2020-03-25 03:44:37,740065.0,740217.0,2020-03-25 03:44:37
2020-03-25 03:44:38,740065.0,740217.0,2020-03-25 03:44:38
2020-03-25 03:44:39,740000.0,740066.0,2020-03-25 03:44:39
2020-03-25 03:44:40,740000.0,740066.0,2020-03-25 03:44:40
2020-03-25 03:44:41,740000.0,740085.0,2020-03-25 03:44:41
2020-03-25 03:44:42,740000.0,740085.0,2020-03-25 03:44:42
2020-03-25 03:44:43,739823.0,739939.0,2020-03-25 03:44:43
2020-03-25 03:44:45,739823.0,739939.0,2020-03-25 03:44:44
2020-03-25 03:44:46,740195.0,740270.0,2020-03-25 03:44:46
2020-03-25 03:44:47,740195.0,740270.0,2020-03-25 03:44:47
2020-03-25 03:44:48,740031.0,740176.0,2020-03-25 03:44:48
2020-03-25 03:44:49,740031.0,740176.0,2020-03-25 03:44:49
2020-03-25 03:44:50,739978.0,740176.0,2020-03-25 03:44:50
2020-03-25 03:44:51,739978.0,740176.0,2020-03-25 03:44:51
2020-03-25 03:44:52,739978.0,740363.0,2020-03-25 03:44:52
2020-03-25 03:44:53,739978.0,740363.0,2020-03-25 03:44:53
2020-03-25 03:44:54,739826.0,740358.0,2020-03-25 03:44:54
2020-03-25 03:44:55,739826.0,740358.0,2020-03-25 03:44:55
2020-03-25 03:44:56,739797.0,739828.0,2020-03-25 03:44:56
2020-03-25 03:44:57,739797.0,739828.0,2020-03-25 03:44:57
2020-03-25 03:44:58,739743.0,740193.0,2020-03-25 03:44:58
2020-03-25 03:44:59,739743.0,740193.0,2020-03-25 03:44:59
2020-03-25 03:45:00,739743.0,739974.0,2020-03-25 03:45:00
2020-03-25 03:45:02,739743.0,739974.0,2020-03-25 03:45:01
2020-03-25 03:45:03,739619.0,739641.0,2020-03-25 03:45:03
2020-03-25 03:45:04,739619.0,739641.0,2020-03-25 03:45:04
2020-03-25 03:45:05,739622.0,739917.0,2020-03-25 03:45:05
2020-03-25 03:45:06,739622.0,739917.0,2020-03-25 03:45:06
2020-03-25 03:45:07,739791.0,739916.0,2020-03-25 03:45:07
2020-03-25 03:45:08,739791.0,739916.0,2020-03-25 03:45:08
2020-03-25 03:45:09,739679.0,739874.0,2020-03-25 03:45:09
2020-03-25 03:45:10,739679.0,739874.0,2020-03-25 03:45:10
2020-03-25 03:45:11,739804.0,740008.0,2020-03-25 03:45:11
2020-03-25 03:45:12,739804.0,740008.0,2020-03-25 03:45:12
2020-03-25 03:45:13,739985.0,740050.0,2020-03-25 03:45:13
2020-03-25 03:45:14,739985.0,740050.0,2020-03-25 03:45:14
2020-03-25 03:45:15,740223.0,740440.0,2020-03-25 03:45:15
2020-03-25 03:45:16,740223.0,740440.0,2020-03-25 03:45:16
2020-03-25 03:45:17,740442.0,740459.0,2020-03-25 03:45:17
2020-03-25 03:45:19,740442.0,740459.0,2020-03-25 03:45:18
2020-03-25 03:45:20,740442.0,740448.0,2020-03-25 03:45:20
2020-03-25 03:45:21,740442.0,740448.0,2020-03-25 03:45:21
2020-03-25 03:45:22,740493.0,740640.0,2020-03-25 03:45:22
2020-03-25 03:45:23,740493.0,740640.0,2020-03-25 03:45:23
2020-03-25 03:45:24,740913.0,741000.0,2020-03-25 03:45:24
2020-03-25 03:45:25,740913.0,741000.0,2020-03-25 03:45:25
2020-03-25 03:45:26,740863.0,741015.0,2020-03-25 03:45:26
2020-03-25 03:45:27,740863.0,741015.0,2020-03-25 03:45:27
2020-03-25 03:45:28,740592.0,740854.0,2020-03-25 03:45:28
2020-03-25 03:45:29,740592.0,740854.0,2020-03-25 03:45:29
2020-03-25 03:45:30,740617.0,740831.0,2020-03-25 03:45:30
2020-03-25 03:45:31,740617.0,740831.0,2020-03-25 03:45:31
2020-03-25 03:45:32,740619.0,740831.0,2020-03-25 03:45:32
2020-03-25 03:45:33,740619.0,740831.0,2020-03-25 03:45:33
2020-03-25 03:45:34,740850.0,741064.0,2020-03-25 03:45:34
2020-03-25 03:45:35,740850.0,741064.0,2020-03-25 03:45:35
2020-03-25 03:45:36,740844.0,740899.0,2020-03-25 03:45:36
2020-03-25 03:45:38,740844.0,740899.0,2020-03-25 03:45:37
2020-03-25 03:45:39,741064.0,741260.0,2020-03-25 03:45:39
2020-03-25 03:45:40,741064.0,741260.0,2020-03-25 03:45:40
2020-03-25 03:45:41,741019.0,741210.0,2020-03-25 03:45:41
2020-03-25 03:45:42,741019.0,741210.0,2020-03-25 03:45:42
2020-03-25 03:45:43,741000.0,741162.0,2020-03-25 03:45:43
2020-03-25 03:45:44,741000.0,741162.0,2020-03-25 03:45:44
2020-03-25 03:45:45,741000.0,741150.0,2020-03-25 03:45:45
2020-03-25 03:45:46,741000.0,741150.0,2020-03-25 03:45:46
2020-03-25 03:45:47,741000.0,741150.0,2020-03-25 03:45:47
2020-03-25 03:45:48,741000.0,741150.0,2020-03-25 03:45:48
2020-03-25 03:45:49,741005.0,741367.0,2020-03-25 03:45:49
2020-03-25 03:45:50,741005.0,741367.0,2020-03-25 03:45:50
2020-03-25 03:45:51,741000.0,741362.0,2020-03-25 03:45:51
2020-03-25 03:45:52,741000.0,741362.0,2020-03-25 03:45:52
2020-03-25 03:45:53,741000.0,741253.0,2020-03-25 03:45:53
2020-03-25 03:45:54,741000.0,741253.0,2020-03-25 03:45:54
2020-03-25 03:45:56,741000.0,741365.0,2020-03-25 03:45:55
2020-03-25 03:45:57,741000.0,741365.0,2020-03-25 03:45:57
2020-03-25 03:45:58,741101.0,741303.0,2020-03-25 03:45:58
2020-03-25 03:45:59,741101.0,741303.0,2020-03-25 03:45:59
2020-03-25 03:46:00,741101.0,741298.0,2020-03-25 03:46:00
2020-03-25 03:46:01,741441.0,741733.0,2020-03-25 03:46:01
2020-03-25 03:46:02,741441.0,741733.0,2020-03-25 03:46:02
2020-03-25 03:46:03,741842.0,741894.0,2020-03-25 03:46:03
2020-03-25 03:46:04,741842.0,741894.0,2020-03-25 03:46:04
2020-03-25 03:46:05,741559.0,741860.0,2020-03-25 03:46:05
2020-03-25 03:46:06,741559.0,741860.0,2020-03-25 03:46:06
2020-03-25 03:46:07,741809.0,741854.0,2020-03-25 03:46:07
2020-03-25 03:46:08,741809.0,741854.0,2020-03-25 03:46:08
2020-03-25 03:46:09,741205.0,741353.0,2020-03-25 03:46:09
2020-03-25 03:46:10,741205.0,741353.0,2020-03-25 03:46:10
2020-03-25 03:46:11,740800.0,741190.0,2020-03-25 03:46:11
2020-03-25 03:46:12,740800.0,741190.0,2020-03-25 03:46:12
2020-03-25 03:46:14,740701.0,740890.0,2020-03-25 03:46:13
2020-03-25 03:46:15,740701.0,740890.0,2020-03-25 03:46:15
2020-03-25 03:46:16,740725.0,740992.0,2020-03-25 03:46:16
2020-03-25 03:46:17,740725.0,740992.0,2020-03-25 03:46:17
2020-03-25 03:46:18,740813.0,740874.0,2020-03-25 03:46:18
2020-03-25 03:46:19,740813.0,740874.0,2020-03-25 03:46:19
2020-03-25 03:46:20,740814.0,740824.0,2020-03-25 03:46:20
2020-03-25 03:46:21,740814.0,740824.0,2020-03-25 03:46:21
2020-03-25 03:46:22,740323.0,740338.0,2020-03-25 03:46:22
2020-03-25 03:46:23,740323.0,740338.0,2020-03-25 03:46:23
2020-03-25 03:46:24,740145.0,740342.0,2020-03-25 03:46:24
2020-03-25 03:46:25,740145.0,740342.0,2020-03-25 03:46:25
2020-03-25 03:46:26,740145.0,740194.0,2020-03-25 03:46:26
2020-03-25 03:46:27,740145.0,740194.0,2020-03-25 03:46:27
2020-03-25 03:46:28,740122.0,740144.0,2020-03-25 03:46:28
2020-03-25 03:46:30,740122.0,740144.0,2020-03-25 03:46:29
2020-03-25 03:46:31,739996.0,740012.0,2020-03-25 03:46:31
2020-03-25 03:46:32,739996.0,740012.0,2020-03-25 03:46:32
2020-03-25 03:46:33,739990.0,740012.0,2020-03-25 03:46:33
2020-03-25 03:46:34,739990.0,740012.0,2020-03-25 03:46:34
2020-03-25 03:46:35,739993.0,740048.0,2020-03-25 03:46:35
2020-03-25 03:46:36,739993.0,740048.0,2020-03-25 03:46:36
2020-03-25 03:46:37,739656.0,739693.0,2020-03-25 03:46:37
2020-03-25 03:46:38,739656.0,739693.0,2020-03-25 03:46:38
2020-03-25 03:46:39,739867.0,740090.0,2020-03-25 03:46:39
2020-03-25 03:46:40,739867.0,740090.0,2020-03-25 03:46:40
2020-03-25 03:46:41,740001.0,740253.0,2020-03-25 03:46:41
2020-03-25 03:46:42,740001.0,740253.0,2020-03-25 03:46:42
2020-03-25 03:46:43,740104.0,740366.0,2020-03-25 03:46:43
2020-03-25 03:46:44,740104.0,740366.0,2020-03-25 03:46:44
2020-03-25 03:46:45,740148.0,740614.0,2020-03-25 03:46:45
2020-03-25 03:46:46,740148.0,740614.0,2020-03-25 03:46:46
2020-03-25 03:46:47,740292.0,740355.0,2020-03-25 03:46:47
2020-03-25 03:46:48,740292.0,740355.0,2020-03-25 03:46:48
2020-03-25 03:46:50,740276.0,740379.0,2020-03-25 03:46:49
2020-03-25 03:46:51,740276.0,740379.0,2020-03-25 03:46:51
2020-03-25 03:46:52,740278.0,740384.0,2020-03-25 03:46:52
2020-03-25 03:46:53,740278.0,740384.0,2020-03-25 03:46:53
2020-03-25 03:46:54,740068.0,740321.0,2020-03-25 03:46:54
2020-03-25 03:46:55,740068.0,740321.0,2020-03-25 03:46:55
2020-03-25 03:46:56,739952.0,740321.0,2020-03-25 03:46:56
2020-03-25 03:46:57,739952.0,740321.0,2020-03-25 03:46:57
2020-03-25 03:46:58,739757.0,739921.0,2020-03-25 03:46:58
2020-03-25 03:46:59,739757.0,739921.0,2020-03-25 03:46:59
2020-03-25 03:47:00,739619.0,739859.0,2020-03-25 03:47:00
2020-03-25 03:47:01,739619.0,739859.0,2020-03-25 03:47:01
2020-03-25 03:47:02,739550.0,739914.0,2020-03-25 03:47:02
2020-03-25 03:47:04,739550.0,739914.0,2020-03-25 03:47:03
2020-03-25 03:47:05,739550.0,739870.0,2020-03-25 03:47:05
2020-03-25 03:47:06,739550.0,739870.0,2020-03-25 03:47:06
2020-03-25 03:47:07,739793.0,740060.0,2020-03-25 03:47:07
2020-03-25 03:47:08,739793.0,740060.0,2020-03-25 03:47:08
2020-03-25 03:47:09,739794.0,740060.0,2020-03-25 03:47:09
2020-03-25 03:47:10,739794.0,740060.0,2020-03-25 03:47:10
2020-03-25 03:47:11,740421.0,740455.0,2020-03-25 03:47:11
2020-03-25 03:47:12,740421.0,740455.0,2020-03-25 03:47:12
2020-03-25 03:47:13,740034.0,740269.0,2020-03-25 03:47:13
2020-03-25 03:47:14,740034.0,740269.0,2020-03-25 03:47:14
2020-03-25 03:47:15,739990.0,740285.0,2020-03-25 03:47:15
2020-03-25 03:47:16,739990.0,740285.0,2020-03-25 03:47:16
2020-03-25 03:47:17,740081.0,740285.0,2020-03-25 03:47:17
2020-03-25 03:47:18,740081.0,740285.0,2020-03-25 03:47:18
2020-03-25 03:47:19,740032.0,740059.0,2020-03-25 03:47:19
2020-03-25 03:47:20,740032.0,740059.0,2020-03-25 03:47:20
2020-03-25 03:47:21,739990.0,740210.0,2020-03-25 03:47:21
2020-03-25 03:47:22,739990.0,740210.0,2020-03-25 03:47:22
2020-03-25 03:47:24,739942.0,739947.0,2020-03-25 03:47:23
2020-03-25 03:47:25,739942.0,739947.0,2020-03-25 03:47:25
2020-03-25 03:47:26,739947.0,740069.0,2020-03-25 03:47:26
2020-03-25 03:47:27,739947.0,740069.0,2020-03-25 03:47:27
2020-03-25 03:47:28,739857.0,740016.0,2020-03-25 03:47:28
2020-03-25 03:47:29,739857.0,740016.0,2020-03-25 03:47:29
2020-03-25 03:47:30,739744.0,739807.0,2020-03-25 03:47:30
2020-03-25 03:47:31,739744.0,739807.0,2020-03-25 03:47:31
2020-03-25 03:47:32,739490.0,739932.0,2020-03-25 03:47:32
2020-03-25 03:47:33,739490.0,739932.0,2020-03-25 03:47:33
2020-03-25 03:47:34,739540.0,739829.0,2020-03-25 03:47:34
2020-03-25 03:47:35,739540.0,739829.0,2020-03-25 03:47:35
2020-03-25 03:47:36,739540.0,739945.0,2020-03-25 03:47:36
2020-03-25 03:47:37,739540.0,739945.0,2020-03-25 03:47:37
2020-03-25 03:47:38,739540.0,739939.0,2020-03-25 03:47:38
2020-03-25 03:47:39,739540.0,739939.0,2020-03-25 03:47:39
2020-03-25 03:47:40,739540.0,739937.0,2020-03-25 03:47:40
2020-03-25 03:47:42,739540.0,739937.0,2020-03-25 03:47:41
2020-03-25 03:47:43,739540.0,739917.0,2020-03-25 03:47:43
2020-03-25 03:47:44,739540.0,739917.0,2020-03-25 03:47:44
2020-03-25 03:47:45,739490.0,739754.0,2020-03-25 03:47:45
2020-03-25 03:47:46,739490.0,739754.0,2020-03-25 03:47:46
2020-03-25 03:47:47,739540.0,739852.0,2020-03-25 03:47:47
2020-03-25 03:47:48,739540.0,739852.0,2020-03-25 03:47:48
2020-03-25 03:47:49,739632.0,739949.0,2020-03-25 03:47:49
2020-03-25 03:47:50,739632.0,739949.0,2020-03-25 03:47:50
2020-03-25 03:47:51,739490.0,739684.0,2020-03-25 03:47:51
2020-03-25 03:47:52,739490.0,739684.0,2020-03-25 03:47:52
2020-03-25 03:47:53,739490.0,739592.0,2020-03-25 03:47:53
2020-03-25 03:47:54,739490.0,739592.0,2020-03-25 03:47:54
2020-03-25 03:47:55,739540.0,739831.0,2020-03-25 03:47:55
2020-03-25 03:47:56,739540.0,739831.0,2020-03-25 03:47:56
2020-03-25 03:47:57,739540.0,739798.0,2020-03-25 03:47:57
2020-03-25 03:47:58,739540.0,739798.0,2020-03-25 03:47:58
2020-03-25 03:47:59,739415.0,739798.0,2020-03-25 03:47:59
2020-03-25 03:48:00,739415.0,739798.0,2020-03-25 03:48:00
2020-03-25 03:48:02,740559.0,740622.0,2020-03-25 03:48:01
2020-03-25 03:48:03,740559.0,740622.0,2020-03-25 03:48:03
2020-03-25 03:48:04,740432.0,740610.0,2020-03-25 03:48:04
2020-03-25 03:48:05,740554.0,740992.0,2020-03-25 03:48:05
2020-03-25 03:48:06,740554.0,740992.0,2020-03-25 03:48:06
2020-03-25 03:48:07,740876.0,741140.0,2020-03-25 03:48:07
2020-03-25 03:48:08,740876.0,741140.0,2020-03-25 03:48:08
2020-03-25 03:48:09,740876.0,741135.0,2020-03-25 03:48:09
2020-03-25 03:48:10,740876.0,741135.0,2020-03-25 03:48:10
2020-03-25 03:48:11,740930.0,741314.0,2020-03-25 03:48:11
2020-03-25 03:48:12,740930.0,741314.0,2020-03-25 03:48:12
2020-03-25 03:48:13,740905.0,741317.0,2020-03-25 03:48:13
2020-03-25 03:48:14,740905.0,741317.0,2020-03-25 03:48:14
2020-03-25 03:48:16,740956.0,741314.0,2020-03-25 03:48:15
2020-03-25 03:48:17,740956.0,741314.0,2020-03-25 03:48:17
2020-03-25 03:48:18,740425.0,740714.0,2020-03-25 03:48:18
2020-03-25 03:48:19,740425.0,740714.0,2020-03-25 03:48:19
2020-03-25 03:48:20,740410.0,740641.0,2020-03-25 03:48:20
2020-03-25 03:48:21,740410.0,740641.0,2020-03-25 03:48:21
2020-03-25 03:48:22,740162.0,740550.0,2020-03-25 03:48:22
2020-03-25 03:48:23,740162.0,740550.0,2020-03-25 03:48:23
2020-03-25 03:48:24,740135.0,740231.0,2020-03-25 03:48:24
2020-03-25 03:48:25,740135.0,740231.0,2020-03-25 03:48:25
2020-03-25 03:48:26,739794.0,740153.0,2020-03-25 03:48:26
2020-03-25 03:48:27,739794.0,740153.0,2020-03-25 03:48:27
2020-03-25 03:48:28,739794.0,739863.0,2020-03-25 03:48:28
2020-03-25 03:48:29,739794.0,739863.0,2020-03-25 03:48:29
2020-03-25 03:48:30,739679.0,739756.0,2020-03-25 03:48:30
2020-03-25 03:48:32,739679.0,739756.0,2020-03-25 03:48:31
2020-03-25 03:48:33,739679.0,739889.0,2020-03-25 03:48:33
2020-03-25 03:48:34,739679.0,739889.0,2020-03-25 03:48:34
2020-03-25 03:48:35,739906.0,740038.0,2020-03-25 03:48:35
2020-03-25 03:48:36,739906.0,740038.0,2020-03-25 03:48:36
2020-03-25 03:48:37,739875.0,740038.0,2020-03-25 03:48:37
2020-03-25 03:48:38,739875.0,740038.0,2020-03-25 03:48:38
2020-03-25 03:48:39,739864.0,740022.0,2020-03-25 03:48:39
2020-03-25 03:48:40,739864.0,740022.0,2020-03-25 03:48:40
2020-03-25 03:48:41,739496.0,739815.0,2020-03-25 03:48:41
2020-03-25 03:48:42,739496.0,739815.0,2020-03-25 03:48:42
2020-03-25 03:48:43,739593.0,739815.0,2020-03-25 03:48:43
2020-03-25 03:48:44,739593.0,739815.0,2020-03-25 03:48:44
2020-03-25 03:48:46,739593.0,739815.0,2020-03-25 03:48:45
2020-03-25 03:48:47,739593.0,739815.0,2020-03-25 03:48:47
2020-03-25 03:48:48,739550.0,739790.0,2020-03-25 03:48:48
2020-03-25 03:48:49,739550.0,739790.0,2020-03-25 03:48:49
2020-03-25 03:48:50,739391.0,739800.0,2020-03-25 03:48:50
2020-03-25 03:48:51,739391.0,739800.0,2020-03-25 03:48:51
2020-03-25 03:48:52,739358.0,739773.0,2020-03-25 03:48:52
2020-03-25 03:48:53,739358.0,739773.0,2020-03-25 03:48:53
2020-03-25 03:48:54,739359.0,739748.0,2020-03-25 03:48:54
2020-03-25 03:48:55,739359.0,739748.0,2020-03-25 03:48:55
2020-03-25 03:48:56,739310.0,739669.0,2020-03-25 03:48:56
2020-03-25 03:48:57,739310.0,739669.0,2020-03-25 03:48:57
2020-03-25 03:48:58,739396.0,739645.0,2020-03-25 03:48:58
2020-03-25 03:48:59,739396.0,739645.0,2020-03-25 03:48:59
2020-03-25 03:49:00,739396.0,739644.0,2020-03-25 03:49:00
2020-03-25 03:49:01,739396.0,739644.0,2020-03-25 03:49:01
2020-03-25 03:49:02,739269.0,739396.0,2020-03-25 03:49:02
2020-03-25 03:49:03,739269.0,739396.0,2020-03-25 03:49:03
2020-03-25 03:49:05,739319.0,739396.0,2020-03-25 03:49:04
2020-03-25 03:49:06,739145.0,739491.0,2020-03-25 03:49:06
2020-03-25 03:49:07,739145.0,739491.0,2020-03-25 03:49:07
2020-03-25 03:49:08,739436.0,739614.0,2020-03-25 03:49:08
2020-03-25 03:49:09,739436.0,739614.0,2020-03-25 03:49:09
2020-03-25 03:49:10,739691.0,740066.0,2020-03-25 03:49:10
2020-03-25 03:49:11,739691.0,740066.0,2020-03-25 03:49:11
2020-03-25 03:49:12,740129.0,740388.0,2020-03-25 03:49:12
2020-03-25 03:49:13,740129.0,740388.0,2020-03-25 03:49:13
2020-03-25 03:49:14,740129.0,740337.0,2020-03-25 03:49:14
2020-03-25 03:49:15,740129.0,740337.0,2020-03-25 03:49:15
2020-03-25 03:49:16,740254.0,740376.0,2020-03-25 03:49:16
2020-03-25 03:49:17,740254.0,740376.0,2020-03-25 03:49:17
2020-03-25 03:49:18,740304.0,740490.0,2020-03-25 03:49:18
2020-03-25 03:49:19,740304.0,740490.0,2020-03-25 03:49:19
2020-03-25 03:49:21,740272.0,740471.0,2020-03-25 03:49:20
2020-03-25 03:49:22,740272.0,740471.0,2020-03-25 03:49:22
2020-03-25 03:49:23,740287.0,740471.0,2020-03-25 03:49:23
2020-03-25 03:49:24,740287.0,740471.0,2020-03-25 03:49:24
2020-03-25 03:49:25,740187.0,740473.0,2020-03-25 03:49:25
2020-03-25 03:49:26,740187.0,740473.0,2020-03-25 03:49:26
2020-03-25 03:49:27,740129.0,740472.0,2020-03-25 03:49:27
2020-03-25 03:49:28,740129.0,740472.0,2020-03-25 03:49:28
2020-03-25 03:49:29,740168.0,740490.0,2020-03-25 03:49:29
2020-03-25 03:49:30,740168.0,740490.0,2020-03-25 03:49:30
2020-03-25 03:49:31,740585.0,740721.0,2020-03-25 03:49:31
2020-03-25 03:49:32,740585.0,740721.0,2020-03-25 03:49:32
2020-03-25 03:49:33,741320.0,741579.0,2020-03-25 03:49:33
2020-03-25 03:49:34,741320.0,741579.0,2020-03-25 03:49:34
2020-03-25 03:49:35,741248.0,741327.0,2020-03-25 03:49:35
2020-03-25 03:49:36,741248.0,741327.0,2020-03-25 03:49:36
2020-03-25 03:49:38,741298.0,741329.0,2020-03-25 03:49:37
2020-03-25 03:49:39,741248.0,741329.0,2020-03-25 03:49:39
2020-03-25 03:49:40,741426.0,741580.0,2020-03-25 03:49:40
2020-03-25 03:49:41,741426.0,741580.0,2020-03-25 03:49:41
2020-03-25 03:49:42,741103.0,741611.0,2020-03-25 03:49:42
2020-03-25 03:49:43,741103.0,741611.0,2020-03-25 03:49:43
2020-03-25 03:49:44,740817.0,741411.0,2020-03-25 03:49:44
2020-03-25 03:49:45,740817.0,741411.0,2020-03-25 03:49:45
2020-03-25 03:49:46,740811.0,741132.0,2020-03-25 03:49:46
2020-03-25 03:49:47,740811.0,741132.0,2020-03-25 03:49:47
2020-03-25 03:49:48,740472.0,740761.0,2020-03-25 03:49:48
2020-03-25 03:49:49,740472.0,740761.0,2020-03-25 03:49:49
2020-03-25 03:49:50,740567.0,740607.0,2020-03-25 03:49:50
2020-03-25 03:49:51,740567.0,740607.0,2020-03-25 03:49:51
2020-03-25 03:49:52,740567.0,740607.0,2020-03-25 03:49:52
2020-03-25 03:49:53,740567.0,740607.0,2020-03-25 03:49:53
2020-03-25 03:49:54,740567.0,740607.0,2020-03-25 03:49:54
2020-03-25 03:49:56,740567.0,740607.0,2020-03-25 03:49:55
2020-03-25 03:49:57,740394.0,740607.0,2020-03-25 03:49:57
2020-03-25 03:49:58,740394.0,740607.0,2020-03-25 03:49:58
2020-03-25 03:49:59,740659.0,740727.0,2020-03-25 03:49:59
2020-03-25 03:50:00,740659.0,740727.0,2020-03-25 03:50:00
2020-03-25 03:50:01,740817.0,740960.0,2020-03-25 03:50:01
2020-03-25 03:50:02,740817.0,740960.0,2020-03-25 03:50:02
2020-03-25 03:50:03,741079.0,741160.0,2020-03-25 03:50:03
2020-03-25 03:50:04,741079.0,741160.0,2020-03-25 03:50:04
2020-03-25 03:50:05,740916.0,741147.0,2020-03-25 03:50:05
2020-03-25 03:50:06,740916.0,741147.0,2020-03-25 03:50:06
2020-03-25 03:50:07,740749.0,741137.0,2020-03-25 03:50:07
2020-03-25 03:50:08,740749.0,741137.0,2020-03-25 03:50:08
2020-03-25 03:50:09,740567.0,740614.0,2020-03-25 03:50:09
2020-03-25 03:50:10,740567.0,740614.0,2020-03-25 03:50:10
2020-03-25 03:50:11,740465.0,740614.0,2020-03-25 03:50:11
2020-03-25 03:50:12,740465.0,740614.0,2020-03-25 03:50:12
2020-03-25 03:50:14,740407.0,740772.0,2020-03-25 03:50:13
2020-03-25 03:50:15,740407.0,740772.0,2020-03-25 03:50:15
2020-03-25 03:50:16,740407.0,740760.0,2020-03-25 03:50:16
2020-03-25 03:50:17,740407.0,740760.0,2020-03-25 03:50:17
2020-03-25 03:50:18,740286.0,740724.0,2020-03-25 03:50:18
2020-03-25 03:50:19,740286.0,740724.0,2020-03-25 03:50:19
2020-03-25 03:50:20,740571.0,740828.0,2020-03-25 03:50:20
2020-03-25 03:50:21,740571.0,740828.0,2020-03-25 03:50:21
2020-03-25 03:50:22,740572.0,740923.0,2020-03-25 03:50:22
2020-03-25 03:50:23,740572.0,740923.0,2020-03-25 03:50:23
2020-03-25 03:50:24,741178.0,741298.0,2020-03-25 03:50:24
2020-03-25 03:50:25,741178.0,741298.0,2020-03-25 03:50:25
2020-03-25 03:50:26,741191.0,741455.0,2020-03-25 03:50:26
2020-03-25 03:50:27,741191.0,741455.0,2020-03-25 03:50:27
2020-03-25 03:50:28,741424.0,741487.0,2020-03-25 03:50:28
2020-03-25 03:50:29,741424.0,741487.0,2020-03-25 03:50:29
2020-03-25 03:50:31,741424.0,741435.0,2020-03-25 03:50:30
2020-03-25 03:50:32,741424.0,741435.0,2020-03-25 03:50:32
2020-03-25 03:50:33,741260.0,741383.0,2020-03-25 03:50:33
2020-03-25 03:50:34,741260.0,741383.0,2020-03-25 03:50:34
2020-03-25 03:50:35,741315.0,741334.0,2020-03-25 03:50:35
2020-03-25 03:50:36,741315.0,741334.0,2020-03-25 03:50:36
2020-03-25 03:50:37,741317.0,741559.0,2020-03-25 03:50:37
2020-03-25 03:50:38,741317.0,741559.0,2020-03-25 03:50:38
2020-03-25 03:50:39,741348.0,741380.0,2020-03-25 03:50:39
2020-03-25 03:50:40,741348.0,741380.0,2020-03-25 03:50:40
2020-03-25 03:50:41,741076.0,741130.0,2020-03-25 03:50:41
2020-03-25 03:50:42,741076.0,741130.0,2020-03-25 03:50:42
2020-03-25 03:50:43,741402.0,741616.0,2020-03-25 03:50:43
2020-03-25 03:50:44,741402.0,741616.0,2020-03-25 03:50:44
2020-03-25 03:50:45,741455.0,741598.0,2020-03-25 03:50:45
2020-03-25 03:50:46,741455.0,741598.0,2020-03-25 03:50:46
2020-03-25 03:50:48,741455.0,741616.0,2020-03-25 03:50:47
2020-03-25 03:50:49,741455.0,741616.0,2020-03-25 03:50:49
2020-03-25 03:50:50,741417.0,741616.0,2020-03-25 03:50:50
2020-03-25 03:50:51,741417.0,741616.0,2020-03-25 03:50:51
2020-03-25 03:50:52,741418.0,741667.0,2020-03-25 03:50:52
2020-03-25 03:50:53,741418.0,741667.0,2020-03-25 03:50:53
2020-03-25 03:50:54,741574.0,741739.0,2020-03-25 03:50:54
2020-03-25 03:50:55,741574.0,741739.0,2020-03-25 03:50:55
2020-03-25 03:50:56,741624.0,741667.0,2020-03-25 03:50:56
2020-03-25 03:50:57,741624.0,741667.0,2020-03-25 03:50:57
2020-03-25 03:50:58,741646.0,741826.0,2020-03-25 03:50:58
2020-03-25 03:50:59,741646.0,741826.0,2020-03-25 03:50:59
2020-03-25 03:51:00,741509.0,741754.0,2020-03-25 03:51:00
2020-03-25 03:51:01,741509.0,741754.0,2020-03-25 03:51:01
2020-03-25 03:51:02,741834.0,741843.0,2020-03-25 03:51:02
2020-03-25 03:51:03,741834.0,741843.0,2020-03-25 03:51:03
2020-03-25 03:51:04,741885.0,741935.0,2020-03-25 03:51:04
2020-03-25 03:51:06,741885.0,741935.0,2020-03-25 03:51:05
2020-03-25 03:51:07,741885.0,741935.0,2020-03-25 03:51:07
2020-03-25 03:51:08,741885.0,741935.0,2020-03-25 03:51:08
2020-03-25 03:51:09,741834.0,741935.0,2020-03-25 03:51:09
2020-03-25 03:51:10,741834.0,741935.0,2020-03-25 03:51:10
2020-03-25 03:51:11,741672.0,741935.0,2020-03-25 03:51:11
2020-03-25 03:51:12,741672.0,741935.0,2020-03-25 03:51:12
2020-03-25 03:51:13,741419.0,741421.0,2020-03-25 03:51:13
2020-03-25 03:51:14,741419.0,741421.0,2020-03-25 03:51:14
2020-03-25 03:51:15,741443.0,741520.0,2020-03-25 03:51:15
2020-03-25 03:51:16,741443.0,741520.0,2020-03-25 03:51:16
2020-03-25 03:51:17,741408.0,741622.0,2020-03-25 03:51:17
2020-03-25 03:51:18,741408.0,741622.0,2020-03-25 03:51:18
2020-03-25 03:51:19,741409.0,741534.0,2020-03-25 03:51:19
2020-03-25 03:51:20,741409.0,741534.0,2020-03-25 03:51:20
2020-03-25 03:51:21,741265.0,741534.0,2020-03-25 03:51:21
2020-03-25 03:51:22,741265.0,741534.0,2020-03-25 03:51:22
2020-03-25 03:51:23,741566.0,741690.0,2020-03-25 03:51:23
2020-03-25 03:51:25,741788.0,741793.0,2020-03-25 03:51:24
2020-03-25 03:51:26,741788.0,741793.0,2020-03-25 03:51:26
2020-03-25 03:51:27,741704.0,741794.0,2020-03-25 03:51:27
2020-03-25 03:51:28,741704.0,741794.0,2020-03-25 03:51:28
2020-03-25 03:51:29,741530.0,741790.0,2020-03-25 03:51:29
2020-03-25 03:51:30,741530.0,741790.0,2020-03-25 03:51:30
2020-03-25 03:51:31,741399.0,741606.0,2020-03-25 03:51:31
2020-03-25 03:51:32,741399.0,741606.0,2020-03-25 03:51:32
2020-03-25 03:51:33,741430.0,741600.0,2020-03-25 03:51:33
2020-03-25 03:51:34,741430.0,741600.0,2020-03-25 03:51:34
2020-03-25 03:51:35,741163.0,741206.0,2020-03-25 03:51:35
2020-03-25 03:51:36,741163.0,741206.0,2020-03-25 03:51:36
2020-03-25 03:51:37,741224.0,741449.0,2020-03-25 03:51:37
2020-03-25 03:51:39,741224.0,741449.0,2020-03-25 03:51:38
2020-03-25 03:51:40,741046.0,741224.0,2020-03-25 03:51:40
2020-03-25 03:51:41,741046.0,741224.0,2020-03-25 03:51:41
2020-03-25 03:51:42,740841.0,741165.0,2020-03-25 03:51:42
2020-03-25 03:51:43,740841.0,741165.0,2020-03-25 03:51:43
2020-03-25 03:51:44,740846.0,741165.0,2020-03-25 03:51:44
2020-03-25 03:51:45,740846.0,741165.0,2020-03-25 03:51:45
2020-03-25 03:51:46,740612.0,740750.0,2020-03-25 03:51:46
2020-03-25 03:51:47,740612.0,740750.0,2020-03-25 03:51:47
2020-03-25 03:51:48,740612.0,740771.0,2020-03-25 03:51:48
2020-03-25 03:51:49,740612.0,740771.0,2020-03-25 03:51:49
2020-03-25 03:51:50,740662.0,740738.0,2020-03-25 03:51:50
2020-03-25 03:51:51,740662.0,740738.0,2020-03-25 03:51:51
2020-03-25 03:51:52,740622.0,740706.0,2020-03-25 03:51:52
2020-03-25 03:51:53,740622.0,740706.0,2020-03-25 03:51:53
2020-03-25 03:51:54,740756.0,740821.0,2020-03-25 03:51:54
2020-03-25 03:51:55,740756.0,740821.0,2020-03-25 03:51:55
2020-03-25 03:51:57,740950.0,741244.0,2020-03-25 03:51:56
2020-03-25 03:51:58,740950.0,741244.0,2020-03-25 03:51:58
2020-03-25 03:51:59,741167.0,741244.0,2020-03-25 03:51:59
2020-03-25 03:52:00,741167.0,741244.0,2020-03-25 03:52:00
2020-03-25 03:52:01,741167.0,741239.0,2020-03-25 03:52:01
2020-03-25 03:52:02,741167.0,741239.0,2020-03-25 03:52:02
2020-03-25 03:52:03,741125.0,741237.0,2020-03-25 03:52:03
2020-03-25 03:52:06,741125.0,741235.0,2020-03-25 03:52:04
2020-03-25 03:52:08,741125.0,741235.0,2020-03-25 03:52:07
2020-03-25 03:52:09,741125.0,741234.0,2020-03-25 03:52:09
2020-03-25 03:52:10,741125.0,741234.0,2020-03-25 03:52:10
2020-03-25 03:52:11,741125.0,741238.0,2020-03-25 03:52:11
2020-03-25 03:52:12,741125.0,741238.0,2020-03-25 03:52:12
2020-03-25 03:52:13,741125.0,741224.0,2020-03-25 03:52:13
2020-03-25 03:52:17,741372.0,741680.0,2020-03-25 03:52:14
2020-03-25 03:52:18,741372.0,741680.0,2020-03-25 03:52:18
2020-03-25 03:52:19,741810.0,741811.0,2020-03-25 03:52:19
2020-03-25 03:52:20,741810.0,741811.0,2020-03-25 03:52:20
2020-03-25 03:52:21,741693.0,741845.0,2020-03-25 03:52:21
2020-03-25 03:52:23,741693.0,741845.0,2020-03-25 03:52:22
2020-03-25 03:52:24,741667.0,741822.0,2020-03-25 03:52:24
2020-03-25 03:52:25,741667.0,741822.0,2020-03-25 03:52:25
2020-03-25 03:52:26,741706.0,741822.0,2020-03-25 03:52:26
2020-03-25 03:52:27,741706.0,741822.0,2020-03-25 03:52:27
2020-03-25 03:52:28,741499.0,741690.0,2020-03-25 03:52:28
2020-03-25 03:52:29,741499.0,741690.0,2020-03-25 03:52:29
2020-03-25 03:52:30,741415.0,741661.0,2020-03-25 03:52:30
2020-03-25 03:52:31,741415.0,741661.0,2020-03-25 03:52:31
2020-03-25 03:52:32,741369.0,741434.0,2020-03-25 03:52:32
2020-03-25 03:52:33,741369.0,741434.0,2020-03-25 03:52:33
2020-03-25 03:52:34,741369.0,741466.0,2020-03-25 03:52:34
2020-03-25 03:52:35,741369.0,741466.0,2020-03-25 03:52:35
2020-03-25 03:52:37,741374.0,741609.0,2020-03-25 03:52:36
2020-03-25 03:52:38,741374.0,741609.0,2020-03-25 03:52:38
2020-03-25 03:52:39,741344.0,741439.0,2020-03-25 03:52:39
2020-03-25 03:52:40,741344.0,741439.0,2020-03-25 03:52:40
2020-03-25 03:52:41,741135.0,741194.0,2020-03-25 03:52:41
2020-03-25 03:52:42,741135.0,741194.0,2020-03-25 03:52:42
2020-03-25 03:52:43,741136.0,741364.0,2020-03-25 03:52:43
2020-03-25 03:52:44,741136.0,741364.0,2020-03-25 03:52:44
2020-03-25 03:52:45,741123.0,741311.0,2020-03-25 03:52:45
2020-03-25 03:52:46,741123.0,741311.0,2020-03-25 03:52:46
2020-03-25 03:52:47,741460.0,741845.0,2020-03-25 03:52:47
2020-03-25 03:52:48,741460.0,741845.0,2020-03-25 03:52:48
2020-03-25 03:52:49,741478.0,741749.0,2020-03-25 03:52:49
2020-03-25 03:52:50,741478.0,741749.0,2020-03-25 03:52:50
2020-03-25 03:52:51,741478.0,741719.0,2020-03-25 03:52:51
2020-03-25 03:52:52,741478.0,741719.0,2020-03-25 03:52:52
2020-03-25 03:52:53,741410.0,741460.0,2020-03-25 03:52:53
2020-03-25 03:52:54,741410.0,741460.0,2020-03-25 03:52:54
2020-03-25 03:52:56,741410.0,741705.0,2020-03-25 03:52:55
2020-03-25 03:52:57,741410.0,741705.0,2020-03-25 03:52:57
2020-03-25 03:52:58,741806.0,741922.0,2020-03-25 03:52:58
2020-03-25 03:52:59,741806.0,741922.0,2020-03-25 03:52:59
2020-03-25 03:53:00,741805.0,741935.0,2020-03-25 03:53:00
2020-03-25 03:53:01,741805.0,741935.0,2020-03-25 03:53:01
2020-03-25 03:53:02,741805.0,741922.0,2020-03-25 03:53:02
2020-03-25 03:53:03,741805.0,741922.0,2020-03-25 03:53:03
2020-03-25 03:53:04,741855.0,741922.0,2020-03-25 03:53:04
2020-03-25 03:53:05,741855.0,741922.0,2020-03-25 03:53:05
2020-03-25 03:53:06,741788.0,741917.0,2020-03-25 03:53:06
2020-03-25 03:53:07,741788.0,741917.0,2020-03-25 03:53:07
2020-03-25 03:53:08,741788.0,741903.0,2020-03-25 03:53:08
2020-03-25 03:53:09,741788.0,741903.0,2020-03-25 03:53:09
2020-03-25 03:53:10,741656.0,741787.0,2020-03-25 03:53:10
2020-03-25 03:53:11,741656.0,741787.0,2020-03-25 03:53:11
2020-03-25 03:53:12,741903.0,741935.0,2020-03-25 03:53:12
2020-03-25 03:53:14,741903.0,741935.0,2020-03-25 03:53:13
2020-03-25 03:53:15,741903.0,741935.0,2020-03-25 03:53:15
2020-03-25 03:53:16,741903.0,741935.0,2020-03-25 03:53:16
2020-03-25 03:53:17,741904.0,741935.0,2020-03-25 03:53:17
2020-03-25 03:53:18,741904.0,741935.0,2020-03-25 03:53:18
2020-03-25 03:53:19,741985.0,742000.0,2020-03-25 03:53:19
2020-03-25 03:53:20,741805.0,742162.0,2020-03-25 03:53:20
2020-03-25 03:53:21,741805.0,742162.0,2020-03-25 03:53:21
2020-03-25 03:53:22,742230.0,742290.0,2020-03-25 03:53:22
2020-03-25 03:53:23,742230.0,742290.0,2020-03-25 03:53:23
2020-03-25 03:53:24,742862.0,742883.0,2020-03-25 03:53:24
2020-03-25 03:53:25,742862.0,742883.0,2020-03-25 03:53:25
2020-03-25 03:53:26,742591.0,742873.0,2020-03-25 03:53:26
2020-03-25 03:53:27,742591.0,742873.0,2020-03-25 03:53:27
2020-03-25 03:53:28,742691.0,742801.0,2020-03-25 03:53:28
2020-03-25 03:53:30,742691.0,742801.0,2020-03-25 03:53:29
2020-03-25 03:53:31,742691.0,742799.0,2020-03-25 03:53:31
2020-03-25 03:53:32,742691.0,742799.0,2020-03-25 03:53:32
2020-03-25 03:53:33,742174.0,742227.0,2020-03-25 03:53:33
2020-03-25 03:53:34,742174.0,742227.0,2020-03-25 03:53:34
2020-03-25 03:53:35,742060.0,742552.0,2020-03-25 03:53:35
2020-03-25 03:53:36,742060.0,742552.0,2020-03-25 03:53:36
2020-03-25 03:53:37,742310.0,742537.0,2020-03-25 03:53:37
2020-03-25 03:53:38,742310.0,742537.0,2020-03-25 03:53:38
2020-03-25 03:53:39,742181.0,742487.0,2020-03-25 03:53:39
2020-03-25 03:53:40,742181.0,742487.0,2020-03-25 03:53:40
2020-03-25 03:53:41,742089.0,742440.0,2020-03-25 03:53:41
2020-03-25 03:53:42,742089.0,742440.0,2020-03-25 03:53:42
2020-03-25 03:53:43,742326.0,742440.0,2020-03-25 03:53:43
2020-03-25 03:53:44,742326.0,742440.0,2020-03-25 03:53:44
2020-03-25 03:53:45,742326.0,742411.0,2020-03-25 03:53:45
2020-03-25 03:53:46,742326.0,742411.0,2020-03-25 03:53:46
2020-03-25 03:53:47,742131.0,742365.0,2020-03-25 03:53:47
2020-03-25 03:53:49,742131.0,742365.0,2020-03-25 03:53:48
2020-03-25 03:53:50,742100.0,742333.0,2020-03-25 03:53:50
2020-03-25 03:53:51,742100.0,742333.0,2020-03-25 03:53:51
2020-03-25 03:53:52,742073.0,742348.0,2020-03-25 03:53:52
2020-03-25 03:53:53,742073.0,742348.0,2020-03-25 03:53:53
2020-03-25 03:53:54,742411.0,742417.0,2020-03-25 03:53:54
2020-03-25 03:53:55,742411.0,742417.0,2020-03-25 03:53:55
2020-03-25 03:53:56,743134.0,743551.0,2020-03-25 03:53:56
2020-03-25 03:53:57,743134.0,743551.0,2020-03-25 03:53:57
2020-03-25 03:53:58,743951.0,744163.0,2020-03-25 03:53:58
2020-03-25 03:53:59,743951.0,744163.0,2020-03-25 03:53:59
2020-03-25 03:54:00,744006.0,744045.0,2020-03-25 03:54:00
2020-03-25 03:54:02,743785.0,743918.0,2020-03-25 03:54:02
2020-03-25 03:54:03,743785.0,743918.0,2020-03-25 03:54:03
2020-03-25 03:54:04,743592.0,743660.0,2020-03-25 03:54:04
2020-03-25 03:54:05,743592.0,743660.0,2020-03-25 03:54:05
2020-03-25 03:54:06,743350.0,743607.0,2020-03-25 03:54:06
2020-03-25 03:54:07,743350.0,743607.0,2020-03-25 03:54:07
2020-03-25 03:54:08,743462.0,743749.0,2020-03-25 03:54:08
2020-03-25 03:54:10,743462.0,743749.0,2020-03-25 03:54:09
2020-03-25 03:54:11,743450.0,743629.0,2020-03-25 03:54:11
2020-03-25 03:54:12,743450.0,743629.0,2020-03-25 03:54:12
2020-03-25 03:54:13,743592.0,743968.0,2020-03-25 03:54:13
2020-03-25 03:54:14,743592.0,743968.0,2020-03-25 03:54:14
2020-03-25 03:54:15,743786.0,744000.0,2020-03-25 03:54:15
2020-03-25 03:54:16,743786.0,744000.0,2020-03-25 03:54:16
2020-03-25 03:54:17,743786.0,743920.0,2020-03-25 03:54:17
2020-03-25 03:54:18,743786.0,743920.0,2020-03-25 03:54:18
2020-03-25 03:54:19,743720.0,743966.0,2020-03-25 03:54:19
2020-03-25 03:54:20,743720.0,743966.0,2020-03-25 03:54:20
2020-03-25 03:54:21,743745.0,743961.0,2020-03-25 03:54:21
2020-03-25 03:54:22,743745.0,743961.0,2020-03-25 03:54:22
2020-03-25 03:54:23,743615.0,743941.0,2020-03-25 03:54:23
2020-03-25 03:54:24,743615.0,743941.0,2020-03-25 03:54:24
2020-03-25 03:54:25,743896.0,743925.0,2020-03-25 03:54:25
2020-03-25 03:54:26,743896.0,743925.0,2020-03-25 03:54:26
2020-03-25 03:54:28,743657.0,743925.0,2020-03-25 03:54:27
2020-03-25 03:54:29,743657.0,743925.0,2020-03-25 03:54:29
2020-03-25 03:54:30,743871.0,744106.0,2020-03-25 03:54:30
2020-03-25 03:54:31,743871.0,744106.0,2020-03-25 03:54:31
2020-03-25 03:54:32,744188.0,744207.0,2020-03-25 03:54:32
2020-03-25 03:54:33,744188.0,744207.0,2020-03-25 03:54:33
2020-03-25 03:54:34,744190.0,744207.0,2020-03-25 03:54:34
2020-03-25 03:54:35,744190.0,744207.0,2020-03-25 03:54:35
2020-03-25 03:54:36,743843.0,744295.0,2020-03-25 03:54:36
2020-03-25 03:54:37,743843.0,744295.0,2020-03-25 03:54:37
2020-03-25 03:54:38,744004.0,744023.0,2020-03-25 03:54:38
2020-03-25 03:54:39,744004.0,744023.0,2020-03-25 03:54:39
2020-03-25 03:54:40,744004.0,744172.0,2020-03-25 03:54:40
2020-03-25 03:54:41,744004.0,744172.0,2020-03-25 03:54:41
2020-03-25 03:54:42,744074.0,744122.0,2020-03-25 03:54:42
2020-03-25 03:54:43,744074.0,744122.0,2020-03-25 03:54:43
2020-03-25 03:54:44,744079.0,744290.0,2020-03-25 03:54:44
2020-03-25 03:54:45,744079.0,744290.0,2020-03-25 03:54:45
2020-03-25 03:54:47,743991.0,744029.0,2020-03-25 03:54:46
2020-03-25 03:54:48,743991.0,744029.0,2020-03-25 03:54:48
2020-03-25 03:54:49,744023.0,744166.0,2020-03-25 03:54:49
2020-03-25 03:54:50,744023.0,744166.0,2020-03-25 03:54:50
2020-03-25 03:54:51,744023.0,744116.0,2020-03-25 03:54:51
2020-03-25 03:54:52,744023.0,744116.0,2020-03-25 03:54:52
2020-03-25 03:54:53,744023.0,744360.0,2020-03-25 03:54:53
2020-03-25 03:54:54,744023.0,744360.0,2020-03-25 03:54:54
2020-03-25 03:54:55,744137.0,744335.0,2020-03-25 03:54:55
2020-03-25 03:54:56,744137.0,744335.0,2020-03-25 03:54:56
2020-03-25 03:54:57,743881.0,744015.0,2020-03-25 03:54:57
2020-03-25 03:54:58,743881.0,744015.0,2020-03-25 03:54:58
2020-03-25 03:54:59,743565.0,743615.0,2020-03-25 03:54:59
2020-03-25 03:55:00,743565.0,743615.0,2020-03-25 03:55:00
2020-03-25 03:55:01,743681.0,743869.0,2020-03-25 03:55:01
2020-03-25 03:55:02,743681.0,743869.0,2020-03-25 03:55:02
2020-03-25 03:55:03,743699.0,743830.0,2020-03-25 03:55:03
2020-03-25 03:55:04,743699.0,743830.0,2020-03-25 03:55:04
2020-03-25 03:55:05,743511.0,743822.0,2020-03-25 03:55:05
2020-03-25 03:55:07,743511.0,743822.0,2020-03-25 03:55:06
2020-03-25 03:55:08,743516.0,743681.0,2020-03-25 03:55:08
2020-03-25 03:55:09,743516.0,743681.0,2020-03-25 03:55:09
2020-03-25 03:55:10,743511.0,743782.0,2020-03-25 03:55:10
2020-03-25 03:55:11,743511.0,743782.0,2020-03-25 03:55:11
2020-03-25 03:55:12,743516.0,743771.0,2020-03-25 03:55:12
2020-03-25 03:55:13,743516.0,743771.0,2020-03-25 03:55:13
2020-03-25 03:55:14,743511.0,743764.0,2020-03-25 03:55:14
2020-03-25 03:55:15,743511.0,743764.0,2020-03-25 03:55:15
2020-03-25 03:55:16,743547.0,743974.0,2020-03-25 03:55:16
2020-03-25 03:55:17,743547.0,743974.0,2020-03-25 03:55:17
2020-03-25 03:55:18,743547.0,743962.0,2020-03-25 03:55:18
2020-03-25 03:55:19,743547.0,743962.0,2020-03-25 03:55:19
2020-03-25 03:55:20,743346.0,743906.0,2020-03-25 03:55:20
2020-03-25 03:55:21,743346.0,743906.0,2020-03-25 03:55:21
2020-03-25 03:55:23,743334.0,743433.0,2020-03-25 03:55:22
2020-03-25 03:55:24,743334.0,743433.0,2020-03-25 03:55:24
2020-03-25 03:55:25,743111.0,743383.0,2020-03-25 03:55:25
2020-03-25 03:55:26,743111.0,743383.0,2020-03-25 03:55:26
2020-03-25 03:55:27,742862.0,743352.0,2020-03-25 03:55:27
2020-03-25 03:55:28,742862.0,743352.0,2020-03-25 03:55:28
2020-03-25 03:55:29,742935.0,743233.0,2020-03-25 03:55:29
2020-03-25 03:55:30,742935.0,743233.0,2020-03-25 03:55:30
2020-03-25 03:55:31,742863.0,743232.0,2020-03-25 03:55:31
2020-03-25 03:55:32,742863.0,743232.0,2020-03-25 03:55:32
2020-03-25 03:55:33,742864.0,743311.0,2020-03-25 03:55:33
2020-03-25 03:55:34,742864.0,743311.0,2020-03-25 03:55:34
2020-03-25 03:55:35,742863.0,742935.0,2020-03-25 03:55:35
2020-03-25 03:55:37,742757.0,742983.0,2020-03-25 03:55:37
2020-03-25 03:55:38,742757.0,742983.0,2020-03-25 03:55:38
2020-03-25 03:55:39,742764.0,742983.0,2020-03-25 03:55:39
2020-03-25 03:55:40,742764.0,742983.0,2020-03-25 03:55:40
2020-03-25 03:55:41,742686.0,742863.0,2020-03-25 03:55:41
2020-03-25 03:55:42,742686.0,742863.0,2020-03-25 03:55:42
2020-03-25 03:55:43,742908.0,742970.0,2020-03-25 03:55:43
2020-03-25 03:55:45,742908.0,742970.0,2020-03-25 03:55:44
2020-03-25 03:55:46,742426.0,742856.0,2020-03-25 03:55:46
2020-03-25 03:55:47,742426.0,742856.0,2020-03-25 03:55:47
2020-03-25 03:55:48,742362.0,742648.0,2020-03-25 03:55:48
2020-03-25 03:55:49,742362.0,742648.0,2020-03-25 03:55:49
2020-03-25 03:55:50,742389.0,742648.0,2020-03-25 03:55:50
2020-03-25 03:55:51,742389.0,742648.0,2020-03-25 03:55:51
2020-03-25 03:55:52,742415.0,742615.0,2020-03-25 03:55:52
2020-03-25 03:55:53,742415.0,742615.0,2020-03-25 03:55:53
2020-03-25 03:55:54,742386.0,742615.0,2020-03-25 03:55:54
2020-03-25 03:55:55,742386.0,742615.0,2020-03-25 03:55:55
2020-03-25 03:55:56,742348.0,742614.0,2020-03-25 03:55:56
2020-03-25 03:55:57,742348.0,742614.0,2020-03-25 03:55:57
2020-03-25 03:55:58,742348.0,742663.0,2020-03-25 03:55:58
2020-03-25 03:55:59,742348.0,742663.0,2020-03-25 03:55:59
2020-03-25 03:56:00,742470.0,742638.0,2020-03-25 03:56:00
2020-03-25 03:56:01,742470.0,742638.0,2020-03-25 03:56:01
2020-03-25 03:56:03,742455.0,742771.0,2020-03-25 03:56:02
2020-03-25 03:56:04,742455.0,742771.0,2020-03-25 03:56:04
2020-03-25 03:56:05,742821.0,742980.0,2020-03-25 03:56:05
2020-03-25 03:56:06,743254.0,743446.0,2020-03-25 03:56:06
2020-03-25 03:56:07,743254.0,743446.0,2020-03-25 03:56:07
2020-03-25 03:56:08,743061.0,743282.0,2020-03-25 03:56:08
2020-03-25 03:56:09,743061.0,743282.0,2020-03-25 03:56:09
2020-03-25 03:56:10,743080.0,743374.0,2020-03-25 03:56:10
2020-03-25 03:56:11,743080.0,743374.0,2020-03-25 03:56:11
2020-03-25 03:56:12,743104.0,743196.0,2020-03-25 03:56:12
2020-03-25 03:56:13,743104.0,743196.0,2020-03-25 03:56:13
2020-03-25 03:56:14,743059.0,743196.0,2020-03-25 03:56:14
2020-03-25 03:56:15,743059.0,743196.0,2020-03-25 03:56:15
2020-03-25 03:56:16,742983.0,743282.0,2020-03-25 03:56:16
2020-03-25 03:56:17,742983.0,743282.0,2020-03-25 03:56:17
2020-03-25 03:56:19,742995.0,743184.0,2020-03-25 03:56:18
2020-03-25 03:56:20,742995.0,743184.0,2020-03-25 03:56:20
2020-03-25 03:56:21,743008.0,743184.0,2020-03-25 03:56:21
2020-03-25 03:56:22,743008.0,743184.0,2020-03-25 03:56:22
2020-03-25 03:56:23,742823.0,743158.0,2020-03-25 03:56:23
2020-03-25 03:56:24,742823.0,743158.0,2020-03-25 03:56:24
2020-03-25 03:56:25,742845.0,742987.0,2020-03-25 03:56:25
2020-03-25 03:56:26,742845.0,742987.0,2020-03-25 03:56:26
2020-03-25 03:56:27,742750.0,742987.0,2020-03-25 03:56:27
2020-03-25 03:56:28,742750.0,742987.0,2020-03-25 03:56:28
2020-03-25 03:56:29,742652.0,743059.0,2020-03-25 03:56:29
2020-03-25 03:56:30,742652.0,743059.0,2020-03-25 03:56:30
2020-03-25 03:56:31,742652.0,742936.0,2020-03-25 03:56:31
2020-03-25 03:56:32,742652.0,742936.0,2020-03-25 03:56:32
2020-03-25 03:56:33,742610.0,742936.0,2020-03-25 03:56:33
2020-03-25 03:56:34,742610.0,742936.0,2020-03-25 03:56:34
2020-03-25 03:56:35,742587.0,742958.0,2020-03-25 03:56:35
2020-03-25 03:56:37,742587.0,742958.0,2020-03-25 03:56:36
2020-03-25 03:56:38,742561.0,742884.0,2020-03-25 03:56:38
2020-03-25 03:56:39,742561.0,742884.0,2020-03-25 03:56:39
2020-03-25 03:56:40,742795.0,743052.0,2020-03-25 03:56:40
2020-03-25 03:56:41,742795.0,743052.0,2020-03-25 03:56:41
2020-03-25 03:56:42,743038.0,743131.0,2020-03-25 03:56:42
2020-03-25 03:56:43,743038.0,743131.0,2020-03-25 03:56:43
2020-03-25 03:56:44,743038.0,743131.0,2020-03-25 03:56:44
2020-03-25 03:56:45,743038.0,743131.0,2020-03-25 03:56:45
2020-03-25 03:56:46,742805.0,743171.0,2020-03-25 03:56:46
2020-03-25 03:56:47,742805.0,743171.0,2020-03-25 03:56:47
2020-03-25 03:56:48,742805.0,743150.0,2020-03-25 03:56:48
2020-03-25 03:56:49,742805.0,743150.0,2020-03-25 03:56:49
2020-03-25 03:56:50,742805.0,743124.0,2020-03-25 03:56:50
2020-03-25 03:56:51,742805.0,743124.0,2020-03-25 03:56:51
2020-03-25 03:56:52,742810.0,743117.0,2020-03-25 03:56:52
2020-03-25 03:56:54,742810.0,743117.0,2020-03-25 03:56:53
2020-03-25 03:56:55,742771.0,742986.0,2020-03-25 03:56:55
2020-03-25 03:56:56,742771.0,742986.0,2020-03-25 03:56:56
2020-03-25 03:56:57,742616.0,742967.0,2020-03-25 03:56:57
2020-03-25 03:56:58,742616.0,742967.0,2020-03-25 03:56:58
2020-03-25 03:56:59,742154.0,742326.0,2020-03-25 03:56:59
2020-03-25 03:57:00,741641.0,741803.0,2020-03-25 03:57:00
2020-03-25 03:57:01,741641.0,741803.0,2020-03-25 03:57:01
2020-03-25 03:57:02,741708.0,741991.0,2020-03-25 03:57:02
2020-03-25 03:57:03,741708.0,741991.0,2020-03-25 03:57:03
2020-03-25 03:57:04,741787.0,742078.0,2020-03-25 03:57:04
2020-03-25 03:57:05,741787.0,742078.0,2020-03-25 03:57:05
2020-03-25 03:57:07,741737.0,741771.0,2020-03-25 03:57:06
2020-03-25 03:57:08,741737.0,741771.0,2020-03-25 03:57:08
2020-03-25 03:57:09,741641.0,741772.0,2020-03-25 03:57:09
2020-03-25 03:57:10,741641.0,741772.0,2020-03-25 03:57:10
2020-03-25 03:57:11,741780.0,741792.0,2020-03-25 03:57:11
2020-03-25 03:57:12,741780.0,741792.0,2020-03-25 03:57:12
2020-03-25 03:57:13,741794.0,741837.0,2020-03-25 03:57:13
2020-03-25 03:57:14,741794.0,741837.0,2020-03-25 03:57:14
2020-03-25 03:57:15,741500.0,741636.0,2020-03-25 03:57:15
2020-03-25 03:57:16,741500.0,741636.0,2020-03-25 03:57:16
2020-03-25 03:57:17,741510.0,741615.0,2020-03-25 03:57:17
2020-03-25 03:57:18,741510.0,741615.0,2020-03-25 03:57:18
2020-03-25 03:57:19,741505.0,741840.0,2020-03-25 03:57:19
2020-03-25 03:57:20,741505.0,741840.0,2020-03-25 03:57:20
2020-03-25 03:57:21,741544.0,741815.0,2020-03-25 03:57:21
2020-03-25 03:57:23,741544.0,741815.0,2020-03-25 03:57:22
2020-03-25 03:57:24,741260.0,741381.0,2020-03-25 03:57:24
2020-03-25 03:57:25,741260.0,741381.0,2020-03-25 03:57:25
2020-03-25 03:57:26,741267.0,741374.0,2020-03-25 03:57:26
2020-03-25 03:57:27,741267.0,741374.0,2020-03-25 03:57:27
2020-03-25 03:57:28,741273.0,741381.0,2020-03-25 03:57:28
2020-03-25 03:57:29,741273.0,741381.0,2020-03-25 03:57:29
2020-03-25 03:57:30,741283.0,741365.0,2020-03-25 03:57:30
2020-03-25 03:57:31,741283.0,741365.0,2020-03-25 03:57:31
2020-03-25 03:57:32,741278.0,741381.0,2020-03-25 03:57:32
2020-03-25 03:57:33,741278.0,741381.0,2020-03-25 03:57:33
2020-03-25 03:57:34,741274.0,741381.0,2020-03-25 03:57:34
2020-03-25 03:57:35,741274.0,741381.0,2020-03-25 03:57:35
2020-03-25 03:57:36,741931.0,741943.0,2020-03-25 03:57:36
2020-03-25 03:57:37,741931.0,741943.0,2020-03-25 03:57:37
2020-03-25 03:57:38,741943.0,741981.0,2020-03-25 03:57:38
2020-03-25 03:57:39,741943.0,741981.0,2020-03-25 03:57:39
2020-03-25 03:57:41,741844.0,741981.0,2020-03-25 03:57:40
2020-03-25 03:57:42,741844.0,741981.0,2020-03-25 03:57:42
2020-03-25 03:57:43,742257.0,742574.0,2020-03-25 03:57:43
2020-03-25 03:57:44,742257.0,742574.0,2020-03-25 03:57:44
2020-03-25 03:57:45,742389.0,742391.0,2020-03-25 03:57:45
2020-03-25 03:57:46,742389.0,742391.0,2020-03-25 03:57:46
2020-03-25 03:57:47,742078.0,742521.0,2020-03-25 03:57:47
2020-03-25 03:57:48,742299.0,742376.0,2020-03-25 03:57:48
2020-03-25 03:57:49,742299.0,742376.0,2020-03-25 03:57:49
2020-03-25 03:57:50,742299.0,742376.0,2020-03-25 03:57:50
2020-03-25 03:57:51,742299.0,742376.0,2020-03-25 03:57:51
2020-03-25 03:57:52,742048.0,742228.0,2020-03-25 03:57:52
2020-03-25 03:57:53,742048.0,742228.0,2020-03-25 03:57:53
2020-03-25 03:57:54,742048.0,742172.0,2020-03-25 03:57:54
2020-03-25 03:57:55,742048.0,742172.0,2020-03-25 03:57:55
2020-03-25 03:57:56,742003.0,742337.0,2020-03-25 03:57:56
2020-03-25 03:57:58,742003.0,742337.0,2020-03-25 03:57:57
2020-03-25 03:57:59,742384.0,742688.0,2020-03-25 03:57:59
2020-03-25 03:58:00,742384.0,742688.0,2020-03-25 03:58:00
2020-03-25 03:58:01,742286.0,742688.0,2020-03-25 03:58:01
2020-03-25 03:58:02,742286.0,742688.0,2020-03-25 03:58:02
2020-03-25 03:58:03,742743.0,742836.0,2020-03-25 03:58:03
2020-03-25 03:58:04,742743.0,742836.0,2020-03-25 03:58:04
2020-03-25 03:58:05,742358.0,742787.0,2020-03-25 03:58:05
2020-03-25 03:58:06,742358.0,742787.0,2020-03-25 03:58:06
2020-03-25 03:58:07,742775.0,742870.0,2020-03-25 03:58:07
2020-03-25 03:58:08,742775.0,742870.0,2020-03-25 03:58:08
2020-03-25 03:58:09,742809.0,743135.0,2020-03-25 03:58:09
2020-03-25 03:58:10,742809.0,743135.0,2020-03-25 03:58:10
2020-03-25 03:58:11,742821.0,743123.0,2020-03-25 03:58:11
2020-03-25 03:58:12,742821.0,743123.0,2020-03-25 03:58:12
2020-03-25 03:58:13,742821.0,743118.0,2020-03-25 03:58:13
2020-03-25 03:58:14,742821.0,743118.0,2020-03-25 03:58:14
2020-03-25 03:58:15,742876.0,743158.0,2020-03-25 03:58:15
2020-03-25 03:58:16,742876.0,743158.0,2020-03-25 03:58:16
2020-03-25 03:58:18,742979.0,743158.0,2020-03-25 03:58:17
2020-03-25 03:58:19,742979.0,743158.0,2020-03-25 03:58:19
2020-03-25 03:58:20,742854.0,743016.0,2020-03-25 03:58:20
2020-03-25 03:58:21,742854.0,743016.0,2020-03-25 03:58:21
2020-03-25 03:58:22,742654.0,742984.0,2020-03-25 03:58:22
2020-03-25 03:58:23,742654.0,742984.0,2020-03-25 03:58:23
2020-03-25 03:58:24,742563.0,743003.0,2020-03-25 03:58:24
2020-03-25 03:58:25,742563.0,743003.0,2020-03-25 03:58:25
2020-03-25 03:58:26,742563.0,743003.0,2020-03-25 03:58:26
2020-03-25 03:58:27,742563.0,743003.0,2020-03-25 03:58:27
2020-03-25 03:58:28,742563.0,742809.0,2020-03-25 03:58:28
2020-03-25 03:58:29,742563.0,742809.0,2020-03-25 03:58:29
2020-03-25 03:58:30,742685.0,742978.0,2020-03-25 03:58:30
2020-03-25 03:58:31,742685.0,742978.0,2020-03-25 03:58:31
2020-03-25 03:58:32,742833.0,743087.0,2020-03-25 03:58:32
2020-03-25 03:58:33,742833.0,743087.0,2020-03-25 03:58:33
2020-03-25 03:58:35,742546.0,743000.0,2020-03-25 03:58:34
2020-03-25 03:58:36,742546.0,743000.0,2020-03-25 03:58:36
2020-03-25 03:58:37,742718.0,742985.0,2020-03-25 03:58:37
2020-03-25 03:58:38,742718.0,742985.0,2020-03-25 03:58:38
2020-03-25 03:58:39,742742.0,743000.0,2020-03-25 03:58:39
2020-03-25 03:58:40,742742.0,743000.0,2020-03-25 03:58:40
2020-03-25 03:58:41,742742.0,743000.0,2020-03-25 03:58:41
2020-03-25 03:58:42,742742.0,743000.0,2020-03-25 03:58:42
2020-03-25 03:58:43,742808.0,743000.0,2020-03-25 03:58:43
2020-03-25 03:58:44,742808.0,743000.0,2020-03-25 03:58:44
2020-03-25 03:58:45,742808.0,743107.0,2020-03-25 03:58:45
2020-03-25 03:58:46,742808.0,743107.0,2020-03-25 03:58:46
2020-03-25 03:58:47,742808.0,743079.0,2020-03-25 03:58:47
2020-03-25 03:58:48,742808.0,743079.0,2020-03-25 03:58:48
2020-03-25 03:58:49,742837.0,743079.0,2020-03-25 03:58:49
2020-03-25 03:58:51,742837.0,743079.0,2020-03-25 03:58:50
2020-03-25 03:58:52,742838.0,743224.0,2020-03-25 03:58:52
2020-03-25 03:58:53,742838.0,743224.0,2020-03-25 03:58:53
2020-03-25 03:58:54,742789.0,743212.0,2020-03-25 03:58:54
2020-03-25 03:58:55,742789.0,743212.0,2020-03-25 03:58:55
2020-03-25 03:58:56,742789.0,742808.0,2020-03-25 03:58:56
2020-03-25 03:58:57,742789.0,742808.0,2020-03-25 03:58:57
2020-03-25 03:58:58,742731.0,743135.0,2020-03-25 03:58:58
2020-03-25 03:58:59,742731.0,743135.0,2020-03-25 03:58:59
2020-03-25 03:59:00,742389.0,742437.0,2020-03-25 03:59:00
2020-03-25 03:59:01,742389.0,742437.0,2020-03-25 03:59:01
2020-03-25 03:59:02,742169.0,742374.0,2020-03-25 03:59:02
2020-03-25 03:59:03,742169.0,742374.0,2020-03-25 03:59:03
2020-03-25 03:59:04,742183.0,742355.0,2020-03-25 03:59:04
2020-03-25 03:59:05,742183.0,742355.0,2020-03-25 03:59:05
2020-03-25 03:59:06,742282.0,742418.0,2020-03-25 03:59:06
2020-03-25 03:59:07,742282.0,742418.0,2020-03-25 03:59:07
2020-03-25 03:59:08,742444.0,742541.0,2020-03-25 03:59:08
2020-03-25 03:59:09,742444.0,742541.0,2020-03-25 03:59:09
2020-03-25 03:59:10,742417.0,742577.0,2020-03-25 03:59:10
2020-03-25 03:59:12,742417.0,742577.0,2020-03-25 03:59:11
2020-03-25 03:59:13,742292.0,742519.0,2020-03-25 03:59:13
2020-03-25 03:59:14,742292.0,742519.0,2020-03-25 03:59:14
2020-03-25 03:59:15,742417.0,742564.0,2020-03-25 03:59:15
2020-03-25 03:59:16,742417.0,742564.0,2020-03-25 03:59:16
2020-03-25 03:59:17,742778.0,742859.0,2020-03-25 03:59:17
2020-03-25 03:59:18,742778.0,742859.0,2020-03-25 03:59:18
2020-03-25 03:59:19,742861.0,743176.0,2020-03-25 03:59:19
2020-03-25 03:59:20,742861.0,743176.0,2020-03-25 03:59:20
2020-03-25 03:59:21,742861.0,743166.0,2020-03-25 03:59:21
2020-03-25 03:59:22,742861.0,743166.0,2020-03-25 03:59:22
2020-03-25 03:59:23,742932.0,743153.0,2020-03-25 03:59:23
2020-03-25 03:59:24,742932.0,743153.0,2020-03-25 03:59:24
2020-03-25 03:59:25,742942.0,743188.0,2020-03-25 03:59:25
2020-03-25 03:59:26,742942.0,743188.0,2020-03-25 03:59:26
2020-03-25 03:59:27,742942.0,743188.0,2020-03-25 03:59:27
2020-03-25 03:59:28,742942.0,743188.0,2020-03-25 03:59:28
2020-03-25 03:59:29,742923.0,743175.0,2020-03-25 03:59:29
2020-03-25 03:59:31,742923.0,743175.0,2020-03-25 03:59:30
2020-03-25 03:59:32,743094.0,743275.0,2020-03-25 03:59:32
2020-03-25 03:59:33,743094.0,743275.0,2020-03-25 03:59:33
2020-03-25 03:59:34,743226.0,743459.0,2020-03-25 03:59:34
2020-03-25 03:59:35,743226.0,743459.0,2020-03-25 03:59:35
2020-03-25 03:59:36,743226.0,743369.0,2020-03-25 03:59:36
2020-03-25 03:59:37,743226.0,743369.0,2020-03-25 03:59:37
2020-03-25 03:59:38,743041.0,743406.0,2020-03-25 03:59:38
2020-03-25 03:59:39,743041.0,743406.0,2020-03-25 03:59:39
2020-03-25 03:59:40,743050.0,743225.0,2020-03-25 03:59:40
2020-03-25 03:59:41,743050.0,743225.0,2020-03-25 03:59:41
2020-03-25 03:59:42,743080.0,743369.0,2020-03-25 03:59:42
2020-03-25 03:59:43,743080.0,743369.0,2020-03-25 03:59:43
2020-03-25 03:59:44,743095.0,743356.0,2020-03-25 03:59:44
2020-03-25 03:59:45,743095.0,743356.0,2020-03-25 03:59:45
2020-03-25 03:59:46,743390.0,743439.0,2020-03-25 03:59:46
2020-03-25 03:59:47,743390.0,743439.0,2020-03-25 03:59:47
2020-03-25 03:59:48,743390.0,743439.0,2020-03-25 03:59:48
2020-03-25 03:59:49,743390.0,743439.0,2020-03-25 03:59:49
2020-03-25 03:59:51,743390.0,743439.0,2020-03-25 03:59:50
2020-03-25 03:59:52,743390.0,743439.0,2020-03-25 03:59:52
2020-03-25 03:59:53,743439.0,743477.0,2020-03-25 03:59:53
2020-03-25 03:59:54,743439.0,743477.0,2020-03-25 03:59:54
2020-03-25 03:59:55,743434.0,743590.0,2020-03-25 03:59:55
2020-03-25 03:59:56,743434.0,743590.0,2020-03-25 03:59:56
2020-03-25 03:59:57,743514.0,743585.0,2020-03-25 03:59:57
2020-03-25 03:59:58,743514.0,743585.0,2020-03-25 03:59:58
2020-03-25 03:59:59,743527.0,743645.0,2020-03-25 03:59:59
2020-03-25 04:00:00,743527.0,743645.0,2020-03-25 04:00:00
2020-03-25 04:00:01,743646.0,743793.0,2020-03-25 04:00:01
2020-03-25 04:00:02,743755.0,743793.0,2020-03-25 04:00:02
2020-03-25 04:00:03,743755.0,743793.0,2020-03-25 04:00:03
2020-03-25 04:00:05,743823.0,743906.0,2020-03-25 04:00:04
2020-03-25 04:00:06,743823.0,743906.0,2020-03-25 04:00:06
2020-03-25 04:00:07,743823.0,743906.0,2020-03-25 04:00:07
2020-03-25 04:00:08,743823.0,743906.0,2020-03-25 04:00:08
2020-03-25 04:00:09,743565.0,743963.0,2020-03-25 04:00:09
2020-03-25 04:00:10,743565.0,743963.0,2020-03-25 04:00:10
2020-03-25 04:00:11,743153.0,743470.0,2020-03-25 04:00:11
2020-03-25 04:00:12,743153.0,743470.0,2020-03-25 04:00:12
2020-03-25 04:00:13,743379.0,743406.0,2020-03-25 04:00:13
2020-03-25 04:00:14,743379.0,743406.0,2020-03-25 04:00:14
2020-03-25 04:00:15,743432.0,743693.0,2020-03-25 04:00:15
2020-03-25 04:00:16,743432.0,743693.0,2020-03-25 04:00:16
2020-03-25 04:00:17,743505.0,743692.0,2020-03-25 04:00:17
2020-03-25 04:00:18,743505.0,743692.0,2020-03-25 04:00:18
2020-03-25 04:00:19,743505.0,743692.0,2020-03-25 04:00:19
2020-03-25 04:00:20,743505.0,743692.0,2020-03-25 04:00:20
2020-03-25 04:00:21,743524.0,743778.0,2020-03-25 04:00:21
2020-03-25 04:00:22,743524.0,743778.0,2020-03-25 04:00:22
2020-03-25 04:00:23,743524.0,743778.0,2020-03-25 04:00:23
2020-03-25 04:00:24,743524.0,743778.0,2020-03-25 04:00:24
2020-03-25 04:00:26,743720.0,743866.0,2020-03-25 04:00:25
2020-03-25 04:00:27,743720.0,743866.0,2020-03-25 04:00:27
2020-03-25 04:00:28,743668.0,744018.0,2020-03-25 04:00:28
2020-03-25 04:00:29,743668.0,744018.0,2020-03-25 04:00:29
2020-03-25 04:00:30,743694.0,744017.0,2020-03-25 04:00:30
2020-03-25 04:00:31,743694.0,744017.0,2020-03-25 04:00:31
2020-03-25 04:00:32,743694.0,744017.0,2020-03-25 04:00:32
2020-03-25 04:00:33,743694.0,744017.0,2020-03-25 04:00:33
2020-03-25 04:00:34,743722.0,744017.0,2020-03-25 04:00:34
2020-03-25 04:00:35,743722.0,744017.0,2020-03-25 04:00:35
2020-03-25 04:00:36,743670.0,743905.0,2020-03-25 04:00:36
2020-03-25 04:00:37,743670.0,743905.0,2020-03-25 04:00:37
2020-03-25 04:00:38,743694.0,743900.0,2020-03-25 04:00:38
2020-03-25 04:00:39,743694.0,743900.0,2020-03-25 04:00:39
2020-03-25 04:00:40,743521.0,743818.0,2020-03-25 04:00:40
2020-03-25 04:00:42,743521.0,743818.0,2020-03-25 04:00:41
2020-03-25 04:00:43,743527.0,743845.0,2020-03-25 04:00:43
2020-03-25 04:00:44,743527.0,743845.0,2020-03-25 04:00:44
2020-03-25 04:00:45,743828.0,743845.0,2020-03-25 04:00:45
2020-03-25 04:00:46,743828.0,743845.0,2020-03-25 04:00:46
2020-03-25 04:00:47,743186.0,743270.0,2020-03-25 04:00:47
2020-03-25 04:00:48,743186.0,743270.0,2020-03-25 04:00:48
2020-03-25 04:00:49,742847.0,743034.0,2020-03-25 04:00:49
2020-03-25 04:00:50,742847.0,743034.0,2020-03-25 04:00:50
2020-03-25 04:00:51,742924.0,743009.0,2020-03-25 04:00:51
2020-03-25 04:00:52,742924.0,743009.0,2020-03-25 04:00:52
2020-03-25 04:00:53,742687.0,742890.0,2020-03-25 04:00:53
2020-03-25 04:00:54,742687.0,742890.0,2020-03-25 04:00:54
2020-03-25 04:00:55,742500.0,742593.0,2020-03-25 04:00:55
2020-03-25 04:00:56,742500.0,742593.0,2020-03-25 04:00:56
2020-03-25 04:00:58,742603.0,742810.0,2020-03-25 04:00:57
2020-03-25 04:00:59,742603.0,742810.0,2020-03-25 04:00:59
2020-03-25 04:01:00,742500.0,742791.0,2020-03-25 04:01:00
2020-03-25 04:01:01,742500.0,742791.0,2020-03-25 04:01:01
2020-03-25 04:01:02,742451.0,742776.0,2020-03-25 04:01:02
2020-03-25 04:01:03,742451.0,742776.0,2020-03-25 04:01:03
2020-03-25 04:01:04,742536.0,742901.0,2020-03-25 04:01:04
2020-03-25 04:01:05,742536.0,742901.0,2020-03-25 04:01:05
2020-03-25 04:01:06,742453.0,742762.0,2020-03-25 04:01:06
2020-03-25 04:01:07,742453.0,742762.0,2020-03-25 04:01:07
2020-03-25 04:01:08,742437.0,742699.0,2020-03-25 04:01:08
2020-03-25 04:01:09,742437.0,742699.0,2020-03-25 04:01:09
2020-03-25 04:01:10,742436.0,742856.0,2020-03-25 04:01:10
2020-03-25 04:01:11,742436.0,742856.0,2020-03-25 04:01:11
2020-03-25 04:01:12,742322.0,742436.0,2020-03-25 04:01:12
2020-03-25 04:01:13,742322.0,742436.0,2020-03-25 04:01:13
2020-03-25 04:01:14,742322.0,742699.0,2020-03-25 04:01:14
2020-03-25 04:01:16,742322.0,742699.0,2020-03-25 04:01:15
2020-03-25 04:01:17,742336.0,742686.0,2020-03-25 04:01:17
2020-03-25 04:01:18,742336.0,742638.0,2020-03-25 04:01:18
2020-03-25 04:01:19,742336.0,742638.0,2020-03-25 04:01:19
2020-03-25 04:01:20,742322.0,742620.0,2020-03-25 04:01:20
2020-03-25 04:01:21,742322.0,742620.0,2020-03-25 04:01:21
2020-03-25 04:01:22,742638.0,742747.0,2020-03-25 04:01:22
2020-03-25 04:01:23,742638.0,742747.0,2020-03-25 04:01:23
2020-03-25 04:01:24,742980.0,742984.0,2020-03-25 04:01:24
2020-03-25 04:01:25,742980.0,742984.0,2020-03-25 04:01:25
2020-03-25 04:01:26,742894.0,742984.0,2020-03-25 04:01:26
2020-03-25 04:01:27,742894.0,742984.0,2020-03-25 04:01:27
2020-03-25 04:01:28,743103.0,743283.0,2020-03-25 04:01:28
2020-03-25 04:01:29,743103.0,743283.0,2020-03-25 04:01:29
2020-03-25 04:01:30,743442.0,743500.0,2020-03-25 04:01:30
2020-03-25 04:01:32,743442.0,743500.0,2020-03-25 04:01:31
2020-03-25 04:01:33,743336.0,743515.0,2020-03-25 04:01:33
2020-03-25 04:01:34,743336.0,743515.0,2020-03-25 04:01:34
2020-03-25 04:01:35,743336.0,743515.0,2020-03-25 04:01:35
2020-03-25 04:01:36,743336.0,743515.0,2020-03-25 04:01:36
2020-03-25 04:01:37,743336.0,743515.0,2020-03-25 04:01:37
2020-03-25 04:01:38,743336.0,743515.0,2020-03-25 04:01:38
2020-03-25 04:01:39,743336.0,743515.0,2020-03-25 04:01:39
2020-03-25 04:01:40,743336.0,743515.0,2020-03-25 04:01:40
2020-03-25 04:01:41,743207.0,743597.0,2020-03-25 04:01:41
2020-03-25 04:01:42,743207.0,743597.0,2020-03-25 04:01:42
2020-03-25 04:01:43,742929.0,743480.0,2020-03-25 04:01:43
2020-03-25 04:01:44,742929.0,743480.0,2020-03-25 04:01:44
2020-03-25 04:01:45,742961.0,743311.0,2020-03-25 04:01:45
2020-03-25 04:01:46,742961.0,743311.0,2020-03-25 04:01:46
2020-03-25 04:01:47,742830.0,743311.0,2020-03-25 04:01:47
2020-03-25 04:01:48,742830.0,743311.0,2020-03-25 04:01:48
2020-03-25 04:01:49,742811.0,742945.0,2020-03-25 04:01:49
2020-03-25 04:01:51,742811.0,742945.0,2020-03-25 04:01:50
2020-03-25 04:01:52,742811.0,742945.0,2020-03-25 04:01:52
2020-03-25 04:01:53,742811.0,742945.0,2020-03-25 04:01:53
2020-03-25 04:01:54,742688.0,743158.0,2020-03-25 04:01:54
2020-03-25 04:01:55,742688.0,743158.0,2020-03-25 04:01:55
2020-03-25 04:01:56,742688.0,743135.0,2020-03-25 04:01:56
2020-03-25 04:01:57,742688.0,743135.0,2020-03-25 04:01:57
2020-03-25 04:01:58,742733.0,743128.0,2020-03-25 04:01:58
2020-03-25 04:01:59,742733.0,743128.0,2020-03-25 04:01:59
2020-03-25 04:02:00,742690.0,743148.0,2020-03-25 04:02:00
2020-03-25 04:02:01,742690.0,743148.0,2020-03-25 04:02:01
2020-03-25 04:02:02,742690.0,743101.0,2020-03-25 04:02:02
2020-03-25 04:02:03,742690.0,743101.0,2020-03-25 04:02:03
2020-03-25 04:02:04,742689.0,743044.0,2020-03-25 04:02:04
2020-03-25 04:02:05,742689.0,743044.0,2020-03-25 04:02:05
2020-03-25 04:02:06,742779.0,743126.0,2020-03-25 04:02:06
2020-03-25 04:02:08,742779.0,743126.0,2020-03-25 04:02:07
2020-03-25 04:02:09,742810.0,743156.0,2020-03-25 04:02:09
2020-03-25 04:02:10,742810.0,743156.0,2020-03-25 04:02:10
2020-03-25 04:02:11,742811.0,743143.0,2020-03-25 04:02:11
2020-03-25 04:02:12,742811.0,743143.0,2020-03-25 04:02:12
2020-03-25 04:02:13,742870.0,743079.0,2020-03-25 04:02:13
2020-03-25 04:02:14,742870.0,743079.0,2020-03-25 04:02:14
2020-03-25 04:02:15,743076.0,743079.0,2020-03-25 04:02:15
2020-03-25 04:02:16,743076.0,743079.0,2020-03-25 04:02:16
2020-03-25 04:02:17,742811.0,743045.0,2020-03-25 04:02:17
2020-03-25 04:02:18,742811.0,743045.0,2020-03-25 04:02:18
2020-03-25 04:02:19,742829.0,743045.0,2020-03-25 04:02:19
2020-03-25 04:02:20,742829.0,743045.0,2020-03-25 04:02:20
2020-03-25 04:02:21,742741.0,743115.0,2020-03-25 04:02:21
2020-03-25 04:02:22,742741.0,743115.0,2020-03-25 04:02:22
2020-03-25 04:02:23,742996.0,743103.0,2020-03-25 04:02:23
2020-03-25 04:02:24,742996.0,743103.0,2020-03-25 04:02:24
2020-03-25 04:02:25,742741.0,743103.0,2020-03-25 04:02:25
2020-03-25 04:02:26,742741.0,743103.0,2020-03-25 04:02:26
2020-03-25 04:02:27,742626.0,742917.0,2020-03-25 04:02:27
2020-03-25 04:02:28,742626.0,742917.0,2020-03-25 04:02:28
2020-03-25 04:02:30,742426.0,742864.0,2020-03-25 04:02:29
2020-03-25 04:02:31,742426.0,742864.0,2020-03-25 04:02:31
2020-03-25 04:02:32,742415.0,742646.0,2020-03-25 04:02:32
2020-03-25 04:02:33,742415.0,742646.0,2020-03-25 04:02:33
2020-03-25 04:02:34,742415.0,742621.0,2020-03-25 04:02:34
2020-03-25 04:02:35,742415.0,742621.0,2020-03-25 04:02:35
2020-03-25 04:02:36,742415.0,742646.0,2020-03-25 04:02:36
2020-03-25 04:02:37,742415.0,742646.0,2020-03-25 04:02:37
2020-03-25 04:02:38,742415.0,742536.0,2020-03-25 04:02:38
2020-03-25 04:02:39,742415.0,742536.0,2020-03-25 04:02:39
2020-03-25 04:02:40,742590.0,742745.0,2020-03-25 04:02:40
2020-03-25 04:02:41,742590.0,742745.0,2020-03-25 04:02:41
2020-03-25 04:02:42,742700.0,742773.0,2020-03-25 04:02:42
2020-03-25 04:02:43,742700.0,742773.0,2020-03-25 04:02:43
2020-03-25 04:02:44,742589.0,742865.0,2020-03-25 04:02:44
2020-03-25 04:02:45,742589.0,742865.0,2020-03-25 04:02:45
2020-03-25 04:02:46,742570.0,742860.0,2020-03-25 04:02:46
2020-03-25 04:02:48,742570.0,742860.0,2020-03-25 04:02:47
2020-03-25 04:02:49,742570.0,742860.0,2020-03-25 04:02:49
2020-03-25 04:02:50,742570.0,742860.0,2020-03-25 04:02:50
2020-03-25 04:02:51,742461.0,742798.0,2020-03-25 04:02:51
2020-03-25 04:02:52,742461.0,742798.0,2020-03-25 04:02:52
2020-03-25 04:02:53,742415.0,742764.0,2020-03-25 04:02:53
2020-03-25 04:02:54,742415.0,742519.0,2020-03-25 04:02:54
2020-03-25 04:02:55,742415.0,742519.0,2020-03-25 04:02:55
2020-03-25 04:02:56,742451.0,742765.0,2020-03-25 04:02:56
2020-03-25 04:02:57,742451.0,742765.0,2020-03-25 04:02:57
2020-03-25 04:02:58,742490.0,742751.0,2020-03-25 04:02:58
2020-03-25 04:02:59,742490.0,742751.0,2020-03-25 04:02:59
2020-03-25 04:03:00,742490.0,742746.0,2020-03-25 04:03:00
2020-03-25 04:03:01,742490.0,742746.0,2020-03-25 04:03:01
2020-03-25 04:03:02,742492.0,742745.0,2020-03-25 04:03:02
2020-03-25 04:03:03,742492.0,742745.0,2020-03-25 04:03:03
2020-03-25 04:03:05,742492.0,742863.0,2020-03-25 04:03:04
2020-03-25 04:03:06,742492.0,742863.0,2020-03-25 04:03:06
2020-03-25 04:03:07,742454.0,742843.0,2020-03-25 04:03:07
2020-03-25 04:03:08,742454.0,742843.0,2020-03-25 04:03:08
2020-03-25 04:03:09,742454.0,742830.0,2020-03-25 04:03:09
2020-03-25 04:03:10,742454.0,742830.0,2020-03-25 04:03:10
2020-03-25 04:03:11,742454.0,742780.0,2020-03-25 04:03:11
2020-03-25 04:03:12,742454.0,742780.0,2020-03-25 04:03:12
2020-03-25 04:03:13,742415.0,742794.0,2020-03-25 04:03:13
2020-03-25 04:03:14,742415.0,742794.0,2020-03-25 04:03:14
2020-03-25 04:03:15,742477.0,742784.0,2020-03-25 04:03:15
2020-03-25 04:03:16,742477.0,742784.0,2020-03-25 04:03:16
2020-03-25 04:03:17,742322.0,742616.0,2020-03-25 04:03:17
2020-03-25 04:03:18,742322.0,742616.0,2020-03-25 04:03:18
2020-03-25 04:03:19,742335.0,742585.0,2020-03-25 04:03:19
2020-03-25 04:03:20,742335.0,742585.0,2020-03-25 04:03:20
2020-03-25 04:03:21,742361.0,742585.0,2020-03-25 04:03:21
2020-03-25 04:03:23,742361.0,742585.0,2020-03-25 04:03:22
2020-03-25 04:03:24,742358.0,742668.0,2020-03-25 04:03:24
2020-03-25 04:03:25,742358.0,742668.0,2020-03-25 04:03:25
2020-03-25 04:03:26,742358.0,742660.0,2020-03-25 04:03:26
2020-03-25 04:03:27,742358.0,742660.0,2020-03-25 04:03:27
2020-03-25 04:03:28,742615.0,742660.0,2020-03-25 04:03:28
2020-03-25 04:03:29,742615.0,742660.0,2020-03-25 04:03:29
2020-03-25 04:03:30,742615.0,742695.0,2020-03-25 04:03:30
2020-03-25 04:03:31,742615.0,742695.0,2020-03-25 04:03:31
2020-03-25 04:03:32,742350.0,742530.0,2020-03-25 04:03:32
2020-03-25 04:03:33,742350.0,742530.0,2020-03-25 04:03:33
2020-03-25 04:03:34,742322.0,742489.0,2020-03-25 04:03:34
2020-03-25 04:03:35,742322.0,742489.0,2020-03-25 04:03:35
2020-03-25 04:03:36,742339.0,742464.0,2020-03-25 04:03:36
2020-03-25 04:03:37,742339.0,742464.0,2020-03-25 04:03:37
2020-03-25 04:03:38,742335.0,742463.0,2020-03-25 04:03:38
2020-03-25 04:03:39,742335.0,742463.0,2020-03-25 04:03:39
2020-03-25 04:03:40,742365.0,742625.0,2020-03-25 04:03:40
2020-03-25 04:03:42,742365.0,742625.0,2020-03-25 04:03:41
2020-03-25 04:03:43,742365.0,742608.0,2020-03-25 04:03:43
2020-03-25 04:03:44,742365.0,742608.0,2020-03-25 04:03:44
2020-03-25 04:03:45,742609.0,742626.0,2020-03-25 04:03:45
2020-03-25 04:03:46,742609.0,742626.0,2020-03-25 04:03:46
2020-03-25 04:03:47,742807.0,742994.0,2020-03-25 04:03:47
2020-03-25 04:03:48,742807.0,742994.0,2020-03-25 04:03:48
2020-03-25 04:03:49,742864.0,742900.0,2020-03-25 04:03:49
2020-03-25 04:03:50,742864.0,742900.0,2020-03-25 04:03:50
2020-03-25 04:03:51,742731.0,742971.0,2020-03-25 04:03:51
2020-03-25 04:03:52,742731.0,742971.0,2020-03-25 04:03:52
2020-03-25 04:03:53,742864.0,743119.0,2020-03-25 04:03:53
2020-03-25 04:03:54,742864.0,743119.0,2020-03-25 04:03:54
2020-03-25 04:03:55,742864.0,742986.0,2020-03-25 04:03:55
2020-03-25 04:03:56,742864.0,742986.0,2020-03-25 04:03:56
2020-03-25 04:03:58,742871.0,742924.0,2020-03-25 04:03:57
2020-03-25 04:03:59,742871.0,742924.0,2020-03-25 04:03:59
2020-03-25 04:04:00,742864.0,742969.0,2020-03-25 04:04:00
2020-03-25 04:04:01,742864.0,742969.0,2020-03-25 04:04:01
2020-03-25 04:04:02,742864.0,743056.0,2020-03-25 04:04:02
2020-03-25 04:04:03,742864.0,743056.0,2020-03-25 04:04:03
2020-03-25 04:04:04,742864.0,743056.0,2020-03-25 04:04:04
2020-03-25 04:04:05,742864.0,743056.0,2020-03-25 04:04:05
2020-03-25 04:04:07,742864.0,742899.0,2020-03-25 04:04:06
2020-03-25 04:04:08,742864.0,742899.0,2020-03-25 04:04:08
2020-03-25 04:04:09,742864.0,742881.0,2020-03-25 04:04:09
2020-03-25 04:04:10,742864.0,742881.0,2020-03-25 04:04:10
2020-03-25 04:04:11,742864.0,742881.0,2020-03-25 04:04:11
2020-03-25 04:04:12,742864.0,742881.0,2020-03-25 04:04:12
2020-03-25 04:04:14,742864.0,742881.0,2020-03-25 04:04:13
2020-03-25 04:04:15,742864.0,742881.0,2020-03-25 04:04:15
2020-03-25 04:04:16,742864.0,742881.0,2020-03-25 04:04:16
2020-03-25 04:04:17,742864.0,742881.0,2020-03-25 04:04:17
2020-03-25 04:04:18,742864.0,742881.0,2020-03-25 04:04:18
2020-03-25 04:04:19,742864.0,742881.0,2020-03-25 04:04:19
2020-03-25 04:04:20,742932.0,743181.0,2020-03-25 04:04:20
2020-03-25 04:04:22,742932.0,743181.0,2020-03-25 04:04:21
2020-03-25 04:04:23,742887.0,743129.0,2020-03-25 04:04:23
2020-03-25 04:04:24,742887.0,743129.0,2020-03-25 04:04:24
2020-03-25 04:04:25,742896.0,743129.0,2020-03-25 04:04:25
2020-03-25 04:04:26,742896.0,743129.0,2020-03-25 04:04:26
2020-03-25 04:04:27,742960.0,743242.0,2020-03-25 04:04:27
2020-03-25 04:04:28,742960.0,743242.0,2020-03-25 04:04:28
2020-03-25 04:04:29,742960.0,743242.0,2020-03-25 04:04:29
2020-03-25 04:04:30,742960.0,743242.0,2020-03-25 04:04:30
2020-03-25 04:04:31,743378.0,743439.0,2020-03-25 04:04:31
2020-03-25 04:04:32,743378.0,743439.0,2020-03-25 04:04:32
2020-03-25 04:04:33,743492.0,743506.0,2020-03-25 04:04:33
2020-03-25 04:04:34,743492.0,743506.0,2020-03-25 04:04:34
2020-03-25 04:04:35,743406.0,743529.0,2020-03-25 04:04:35
2020-03-25 04:04:37,743406.0,743529.0,2020-03-25 04:04:36
2020-03-25 04:04:38,743350.0,743433.0,2020-03-25 04:04:38
2020-03-25 04:04:39,743350.0,743433.0,2020-03-25 04:04:39
2020-03-25 04:04:40,743674.0,743832.0,2020-03-25 04:04:40
2020-03-25 04:04:41,743674.0,743832.0,2020-03-25 04:04:41
2020-03-25 04:04:42,743674.0,743955.0,2020-03-25 04:04:42
2020-03-25 04:04:43,743674.0,743955.0,2020-03-25 04:04:43
2020-03-25 04:04:44,743372.0,743625.0,2020-03-25 04:04:44
2020-03-25 04:04:45,743372.0,743625.0,2020-03-25 04:04:45
2020-03-25 04:04:46,743430.0,743842.0,2020-03-25 04:04:46
2020-03-25 04:04:47,743430.0,743842.0,2020-03-25 04:04:47
2020-03-25 04:04:48,743000.0,743120.0,2020-03-25 04:04:48
2020-03-25 04:04:49,743000.0,743120.0,2020-03-25 04:04:49
2020-03-25 04:04:50,742874.0,743145.0,2020-03-25 04:04:50
2020-03-25 04:04:51,742874.0,743145.0,2020-03-25 04:04:51
2020-03-25 04:04:52,742775.0,742914.0,2020-03-25 04:04:52
2020-03-25 04:04:53,742775.0,742914.0,2020-03-25 04:04:53
2020-03-25 04:04:54,742788.0,742914.0,2020-03-25 04:04:54
2020-03-25 04:04:55,742788.0,742914.0,2020-03-25 04:04:55
2020-03-25 04:04:56,742788.0,742836.0,2020-03-25 04:04:56
2020-03-25 04:04:57,742788.0,742836.0,2020-03-25 04:04:57
2020-03-25 04:04:59,742788.0,742829.0,2020-03-25 04:04:58
2020-03-25 04:05:00,742788.0,742829.0,2020-03-25 04:05:00
2020-03-25 04:05:01,742626.0,742776.0,2020-03-25 04:05:01
2020-03-25 04:05:02,742626.0,742776.0,2020-03-25 04:05:02
2020-03-25 04:05:03,742626.0,742700.0,2020-03-25 04:05:03
2020-03-25 04:05:04,742626.0,742700.0,2020-03-25 04:05:04
2020-03-25 04:05:05,742531.0,742774.0,2020-03-25 04:05:05
2020-03-25 04:05:06,742531.0,742774.0,2020-03-25 04:05:06
2020-03-25 04:05:07,742548.0,742741.0,2020-03-25 04:05:07
2020-03-25 04:05:08,742548.0,742741.0,2020-03-25 04:05:08
2020-03-25 04:05:09,742554.0,742934.0,2020-03-25 04:05:09
2020-03-25 04:05:10,742554.0,742934.0,2020-03-25 04:05:10
2020-03-25 04:05:11,742836.0,742934.0,2020-03-25 04:05:11
2020-03-25 04:05:12,742836.0,742934.0,2020-03-25 04:05:12
2020-03-25 04:05:13,742929.0,742932.0,2020-03-25 04:05:13
2020-03-25 04:05:14,742929.0,742932.0,2020-03-25 04:05:14
2020-03-25 04:05:15,742987.0,743000.0,2020-03-25 04:05:15
2020-03-25 04:05:16,742987.0,743000.0,2020-03-25 04:05:16
2020-03-25 04:05:17,742836.0,742885.0,2020-03-25 04:05:17
2020-03-25 04:05:19,742836.0,742885.0,2020-03-25 04:05:18
2020-03-25 04:05:20,742815.0,743000.0,2020-03-25 04:05:20
2020-03-25 04:05:21,742815.0,743000.0,2020-03-25 04:05:21
2020-03-25 04:05:22,742836.0,742964.0,2020-03-25 04:05:22
2020-03-25 04:05:23,742836.0,742964.0,2020-03-25 04:05:23
2020-03-25 04:05:24,742836.0,742964.0,2020-03-25 04:05:24
2020-03-25 04:05:25,742836.0,742964.0,2020-03-25 04:05:25
2020-03-25 04:05:26,742701.0,742962.0,2020-03-25 04:05:26
2020-03-25 04:05:27,742701.0,742962.0,2020-03-25 04:05:27
2020-03-25 04:05:28,742638.0,742641.0,2020-03-25 04:05:28
2020-03-25 04:05:29,742638.0,742641.0,2020-03-25 04:05:29
2020-03-25 04:05:30,742601.0,742616.0,2020-03-25 04:05:30
2020-03-25 04:05:31,742601.0,742616.0,2020-03-25 04:05:31
2020-03-25 04:05:32,742601.0,742616.0,2020-03-25 04:05:32
2020-03-25 04:05:33,742601.0,742616.0,2020-03-25 04:05:33
2020-03-25 04:05:34,742601.0,742613.0,2020-03-25 04:05:34
2020-03-25 04:05:35,742601.0,742613.0,2020-03-25 04:05:35
2020-03-25 04:05:36,742644.0,742837.0,2020-03-25 04:05:36
2020-03-25 04:05:37,742644.0,742837.0,2020-03-25 04:05:37
2020-03-25 04:05:38,742601.0,742832.0,2020-03-25 04:05:38
2020-03-25 04:05:40,742601.0,742832.0,2020-03-25 04:05:39
2020-03-25 04:05:41,742447.0,742760.0,2020-03-25 04:05:41
2020-03-25 04:05:42,742447.0,742760.0,2020-03-25 04:05:42
2020-03-25 04:05:43,742734.0,742755.0,2020-03-25 04:05:43
2020-03-25 04:05:44,742734.0,742755.0,2020-03-25 04:05:44
2020-03-25 04:05:45,742460.0,742727.0,2020-03-25 04:05:45
2020-03-25 04:05:46,742460.0,742727.0,2020-03-25 04:05:46
2020-03-25 04:05:47,742460.0,742653.0,2020-03-25 04:05:47
2020-03-25 04:05:48,742460.0,742653.0,2020-03-25 04:05:48
2020-03-25 04:05:49,742462.0,742653.0,2020-03-25 04:05:49
2020-03-25 04:05:50,742462.0,742653.0,2020-03-25 04:05:50
2020-03-25 04:05:51,742409.0,742781.0,2020-03-25 04:05:51
2020-03-25 04:05:52,742409.0,742781.0,2020-03-25 04:05:52
2020-03-25 04:05:53,742560.0,742781.0,2020-03-25 04:05:53
2020-03-25 04:05:54,742560.0,742781.0,2020-03-25 04:05:54
2020-03-25 04:05:55,742560.0,742781.0,2020-03-25 04:05:55
2020-03-25 04:05:56,742560.0,742781.0,2020-03-25 04:05:56
2020-03-25 04:05:57,742560.0,742781.0,2020-03-25 04:05:57
2020-03-25 04:05:59,742560.0,742781.0,2020-03-25 04:05:58
2020-03-25 04:06:00,742560.0,742781.0,2020-03-25 04:06:00
2020-03-25 04:06:01,742560.0,742781.0,2020-03-25 04:06:01
2020-03-25 04:06:02,742560.0,742768.0,2020-03-25 04:06:02
2020-03-25 04:06:03,742560.0,742768.0,2020-03-25 04:06:03
2020-03-25 04:06:04,742560.0,742765.0,2020-03-25 04:06:04
2020-03-25 04:06:05,742560.0,742765.0,2020-03-25 04:06:05
2020-03-25 04:06:06,742442.0,742613.0,2020-03-25 04:06:06
2020-03-25 04:06:07,742442.0,742613.0,2020-03-25 04:06:07
2020-03-25 04:06:08,742485.0,742635.0,2020-03-25 04:06:08
2020-03-25 04:06:09,742485.0,742635.0,2020-03-25 04:06:09
2020-03-25 04:06:10,742485.0,742635.0,2020-03-25 04:06:10
2020-03-25 04:06:11,742485.0,742635.0,2020-03-25 04:06:11
2020-03-25 04:06:12,742485.0,742635.0,2020-03-25 04:06:12
2020-03-25 04:06:13,742485.0,742635.0,2020-03-25 04:06:13
2020-03-25 04:06:14,742431.0,742635.0,2020-03-25 04:06:14
2020-03-25 04:06:15,742431.0,742635.0,2020-03-25 04:06:15
2020-03-25 04:06:16,742081.0,742180.0,2020-03-25 04:06:16
2020-03-25 04:06:17,742081.0,742180.0,2020-03-25 04:06:17
2020-03-25 04:06:19,742281.0,742378.0,2020-03-25 04:06:18
2020-03-25 04:06:20,742281.0,742378.0,2020-03-25 04:06:20
2020-03-25 04:06:21,742039.0,742180.0,2020-03-25 04:06:21
2020-03-25 04:06:22,742039.0,742180.0,2020-03-25 04:06:22
2020-03-25 04:06:23,741877.0,742169.0,2020-03-25 04:06:23
2020-03-25 04:06:24,741877.0,742169.0,2020-03-25 04:06:24
2020-03-25 04:06:25,741686.0,742123.0,2020-03-25 04:06:25
2020-03-25 04:06:26,741686.0,742123.0,2020-03-25 04:06:26
2020-03-25 04:06:27,741618.0,741729.0,2020-03-25 04:06:27
2020-03-25 04:06:28,741618.0,741729.0,2020-03-25 04:06:28
2020-03-25 04:06:29,741685.0,741729.0,2020-03-25 04:06:29
2020-03-25 04:06:30,741685.0,741729.0,2020-03-25 04:06:30
2020-03-25 04:06:31,741500.0,741683.0,2020-03-25 04:06:31
2020-03-25 04:06:32,741500.0,741683.0,2020-03-25 04:06:32
2020-03-25 04:06:33,741500.0,741589.0,2020-03-25 04:06:33
2020-03-25 04:06:34,741500.0,741589.0,2020-03-25 04:06:34
2020-03-25 04:06:35,741634.0,741659.0,2020-03-25 04:06:35
2020-03-25 04:06:36,741634.0,741659.0,2020-03-25 04:06:36
2020-03-25 04:06:37,741634.0,741678.0,2020-03-25 04:06:37
2020-03-25 04:06:39,741634.0,741678.0,2020-03-25 04:06:38
2020-03-25 04:06:40,741490.0,741672.0,2020-03-25 04:06:40
2020-03-25 04:06:41,741490.0,741672.0,2020-03-25 04:06:41
2020-03-25 04:06:42,741490.0,741641.0,2020-03-25 04:06:42
2020-03-25 04:06:43,741490.0,741641.0,2020-03-25 04:06:43
2020-03-25 04:06:44,741511.0,741671.0,2020-03-25 04:06:44
2020-03-25 04:06:45,741511.0,741671.0,2020-03-25 04:06:45
2020-03-25 04:06:46,741509.0,741659.0,2020-03-25 04:06:46
2020-03-25 04:06:47,741413.0,741432.0,2020-03-25 04:06:47
2020-03-25 04:06:48,741413.0,741432.0,2020-03-25 04:06:48
2020-03-25 04:06:49,741246.0,741415.0,2020-03-25 04:06:49
2020-03-25 04:06:50,741246.0,741415.0,2020-03-25 04:06:50
2020-03-25 04:06:51,741251.0,741331.0,2020-03-25 04:06:51
2020-03-25 04:06:52,741251.0,741331.0,2020-03-25 04:06:52
2020-03-25 04:06:53,741118.0,741331.0,2020-03-25 04:06:53
2020-03-25 04:06:54,741118.0,741331.0,2020-03-25 04:06:54
2020-03-25 04:06:56,741377.0,741450.0,2020-03-25 04:06:55
2020-03-25 04:06:57,741377.0,741450.0,2020-03-25 04:06:57
2020-03-25 04:06:58,741097.0,741450.0,2020-03-25 04:06:58
2020-03-25 04:06:59,741097.0,741450.0,2020-03-25 04:06:59
2020-03-25 04:07:00,741393.0,741445.0,2020-03-25 04:07:00
2020-03-25 04:07:01,741393.0,741445.0,2020-03-25 04:07:01
2020-03-25 04:07:02,741102.0,741536.0,2020-03-25 04:07:02
2020-03-25 04:07:03,741102.0,741536.0,2020-03-25 04:07:03
2020-03-25 04:07:04,741063.0,741449.0,2020-03-25 04:07:04
2020-03-25 04:07:05,741063.0,741449.0,2020-03-25 04:07:05
2020-03-25 04:07:06,741076.0,741429.0,2020-03-25 04:07:06
2020-03-25 04:07:07,741076.0,741429.0,2020-03-25 04:07:07
2020-03-25 04:07:08,741076.0,741379.0,2020-03-25 04:07:08
2020-03-25 04:07:09,741076.0,741379.0,2020-03-25 04:07:09
2020-03-25 04:07:10,741066.0,741374.0,2020-03-25 04:07:10
2020-03-25 04:07:11,741066.0,741374.0,2020-03-25 04:07:11
2020-03-25 04:07:13,740852.0,741238.0,2020-03-25 04:07:12
2020-03-25 04:07:14,740852.0,741238.0,2020-03-25 04:07:14
2020-03-25 04:07:15,740864.0,741216.0,2020-03-25 04:07:15
2020-03-25 04:07:16,740864.0,741216.0,2020-03-25 04:07:16
2020-03-25 04:07:17,740941.0,741081.0,2020-03-25 04:07:17
2020-03-25 04:07:18,740941.0,741081.0,2020-03-25 04:07:18
2020-03-25 04:07:19,740941.0,741133.0,2020-03-25 04:07:19
2020-03-25 04:07:20,740941.0,741133.0,2020-03-25 04:07:20
2020-03-25 04:07:21,741067.0,741133.0,2020-03-25 04:07:21
2020-03-25 04:07:22,741067.0,741133.0,2020-03-25 04:07:22
2020-03-25 04:07:23,741067.0,741133.0,2020-03-25 04:07:23
2020-03-25 04:07:24,741067.0,741133.0,2020-03-25 04:07:24
2020-03-25 04:07:25,741057.0,741133.0,2020-03-25 04:07:25
2020-03-25 04:07:26,741057.0,741133.0,2020-03-25 04:07:26
2020-03-25 04:07:27,741065.0,741324.0,2020-03-25 04:07:27
2020-03-25 04:07:28,741065.0,741324.0,2020-03-25 04:07:28
2020-03-25 04:07:29,741298.0,741319.0,2020-03-25 04:07:29
2020-03-25 04:07:30,741298.0,741319.0,2020-03-25 04:07:30
2020-03-25 04:07:31,741303.0,741480.0,2020-03-25 04:07:31
2020-03-25 04:07:33,741303.0,741480.0,2020-03-25 04:07:32
2020-03-25 04:07:34,741284.0,741548.0,2020-03-25 04:07:34
2020-03-25 04:07:35,741284.0,741548.0,2020-03-25 04:07:35
2020-03-25 04:07:36,741279.0,741420.0,2020-03-25 04:07:36
2020-03-25 04:07:37,741279.0,741420.0,2020-03-25 04:07:37
2020-03-25 04:07:38,741279.0,741283.0,2020-03-25 04:07:38
2020-03-25 04:07:39,741279.0,741283.0,2020-03-25 04:07:39
2020-03-25 04:07:40,741159.0,741278.0,2020-03-25 04:07:40
2020-03-25 04:07:41,741159.0,741278.0,2020-03-25 04:07:41
2020-03-25 04:07:42,740910.0,740990.0,2020-03-25 04:07:42
2020-03-25 04:07:43,740910.0,740990.0,2020-03-25 04:07:43
2020-03-25 04:07:44,740838.0,740977.0,2020-03-25 04:07:44
2020-03-25 04:07:45,740838.0,740977.0,2020-03-25 04:07:45
2020-03-25 04:07:46,740838.0,740980.0,2020-03-25 04:07:46
2020-03-25 04:07:47,740838.0,740980.0,2020-03-25 04:07:47
2020-03-25 04:07:48,740851.0,741064.0,2020-03-25 04:07:48
2020-03-25 04:07:49,740851.0,741064.0,2020-03-25 04:07:49
2020-03-25 04:07:50,740859.0,741142.0,2020-03-25 04:07:50
2020-03-25 04:07:51,740859.0,741142.0,2020-03-25 04:07:51
2020-03-25 04:07:52,741006.0,741132.0,2020-03-25 04:07:52
2020-03-25 04:07:54,741006.0,741132.0,2020-03-25 04:07:53
2020-03-25 04:07:55,741132.0,741168.0,2020-03-25 04:07:55
2020-03-25 04:07:56,741132.0,741168.0,2020-03-25 04:07:56
2020-03-25 04:07:57,741121.0,741356.0,2020-03-25 04:07:57
2020-03-25 04:07:58,741121.0,741356.0,2020-03-25 04:07:58
2020-03-25 04:07:59,741121.0,741346.0,2020-03-25 04:07:59
2020-03-25 04:08:00,741121.0,741346.0,2020-03-25 04:08:00
2020-03-25 04:08:01,741211.0,741331.0,2020-03-25 04:08:01
2020-03-25 04:08:02,741211.0,741331.0,2020-03-25 04:08:02
2020-03-25 04:08:03,741224.0,741364.0,2020-03-25 04:08:03
2020-03-25 04:08:04,741224.0,741364.0,2020-03-25 04:08:04
2020-03-25 04:08:05,741225.0,741359.0,2020-03-25 04:08:05
2020-03-25 04:08:06,741225.0,741359.0,2020-03-25 04:08:06
2020-03-25 04:08:07,741236.0,741370.0,2020-03-25 04:08:07
2020-03-25 04:08:08,741236.0,741370.0,2020-03-25 04:08:08
2020-03-25 04:08:09,741245.0,741365.0,2020-03-25 04:08:09
2020-03-25 04:08:10,741245.0,741365.0,2020-03-25 04:08:10
2020-03-25 04:08:11,741295.0,741485.0,2020-03-25 04:08:11
