timestamp,bid,ask
2020-03-18 03:12:37,583561.0,583957.0
2020-03-18 03:12:38,583561.0,583957.0
2020-03-18 03:12:39,583561.0,583957.0
2020-03-18 03:12:40,583561.0,583957.0
2020-03-18 03:12:41,583561.0,583957.0
2020-03-18 03:12:42,583561.0,583957.0
2020-03-18 03:12:43,583561.0,583957.0
2020-03-18 03:12:44,583561.0,583957.0
2020-03-18 03:12:45,583561.0,583957.0
2020-03-18 03:12:46,583608.0,584014.0
2020-03-18 03:12:47,583608.0,584014.0
2020-03-18 03:12:48,583608.0,584014.0
2020-03-18 03:12:50,583608.0,584014.0
2020-03-18 03:12:51,583608.0,584014.0
2020-03-18 03:12:52,583608.0,584014.0
2020-03-18 03:12:53,583608.0,584014.0
2020-03-18 03:12:54,583608.0,584014.0
2020-03-18 03:12:55,583608.0,584014.0
2020-03-18 03:12:56,583608.0,584014.0
2020-03-18 03:12:57,583647.0,584089.0
2020-03-18 03:12:58,583647.0,584089.0
2020-03-18 03:12:59,583647.0,584089.0
2020-03-18 03:13:00,583647.0,584089.0
2020-03-18 03:13:01,583647.0,584089.0
2020-03-18 03:13:03,583647.0,584089.0
2020-03-18 03:13:04,583647.0,584089.0
2020-03-18 03:13:05,583581.0,583668.0
2020-03-18 03:13:06,583581.0,583668.0
2020-03-18 03:13:07,583581.0,583668.0
2020-03-18 03:13:08,583581.0,583668.0
2020-03-18 03:13:09,583581.0,583668.0
2020-03-18 03:13:10,583581.0,583668.0
2020-03-18 03:13:11,583581.0,583668.0
2020-03-18 03:13:12,583581.0,583668.0
2020-03-18 03:13:13,583581.0,583668.0
2020-03-18 03:13:14,583581.0,583668.0
2020-03-18 03:13:15,583581.0,583668.0
2020-03-18 03:13:16,583581.0,583668.0
2020-03-18 03:13:18,583581.0,583668.0
2020-03-18 03:13:19,582824.0,583009.0
2020-03-18 03:13:20,582824.0,583009.0
2020-03-18 03:13:21,582824.0,583009.0
2020-03-18 03:13:22,582824.0,583009.0
2020-03-18 03:13:23,582824.0,583009.0
2020-03-18 03:13:24,582824.0,583009.0
2020-03-18 03:13:26,582476.0,583091.0
2020-03-18 03:13:27,582476.0,583091.0
2020-03-18 03:13:28,582476.0,583091.0
2020-03-18 03:13:29,582476.0,583091.0
2020-03-18 03:13:30,582476.0,583091.0
2020-03-18 03:13:32,582476.0,583091.0
2020-03-18 03:13:33,582476.0,583091.0
2020-03-18 03:13:34,582476.0,583091.0
2020-03-18 03:13:35,582476.0,583091.0
2020-03-18 03:13:36,582809.0,583344.0
2020-03-18 03:13:37,582809.0,583344.0
2020-03-18 03:13:38,582809.0,583344.0
2020-03-18 03:13:39,582809.0,583344.0
2020-03-18 03:13:40,582809.0,583344.0
2020-03-18 03:13:41,582809.0,583344.0
2020-03-18 03:13:42,582809.0,583344.0
2020-03-18 03:13:43,582809.0,583344.0
2020-03-18 03:13:44,582809.0,583344.0
2020-03-18 03:13:45,582809.0,583344.0
2020-03-18 03:13:46,583230.0,583900.0
2020-03-18 03:13:47,583230.0,583900.0
2020-03-18 03:13:48,583230.0,583900.0
2020-03-18 03:13:50,583230.0,583900.0
2020-03-18 03:13:51,583230.0,583900.0
2020-03-18 03:13:52,583230.0,583900.0
2020-03-18 03:13:53,583230.0,583900.0
2020-03-18 03:13:54,583230.0,583900.0
2020-03-18 03:13:55,583230.0,583900.0
2020-03-18 03:13:56,583230.0,583900.0
2020-03-18 03:13:57,583230.0,583900.0
2020-03-18 03:13:58,583230.0,583900.0
2020-03-18 03:13:59,582753.0,583107.0
2020-03-18 03:14:00,582753.0,583107.0
2020-03-18 03:14:01,582753.0,583107.0
2020-03-18 03:14:02,582753.0,583107.0
2020-03-18 03:14:03,582753.0,583107.0
2020-03-18 03:14:04,582753.0,583107.0
2020-03-18 03:14:05,582753.0,583107.0
2020-03-18 03:14:07,582909.0,583439.0
2020-03-18 03:14:08,582909.0,583439.0
2020-03-18 03:14:09,582909.0,583439.0
2020-03-18 03:14:10,582909.0,583439.0
2020-03-18 03:14:11,582909.0,583439.0
2020-03-18 03:14:12,582909.0,583439.0
2020-03-18 03:14:13,582909.0,583439.0
2020-03-18 03:14:14,582909.0,583439.0
2020-03-18 03:14:15,582909.0,583439.0
2020-03-18 03:14:16,583318.0,583510.0
2020-03-18 03:14:17,583318.0,583510.0
2020-03-18 03:14:18,583318.0,583510.0
2020-03-18 03:14:19,583318.0,583510.0
2020-03-18 03:14:20,583318.0,583510.0
2020-03-18 03:14:21,583318.0,583510.0
2020-03-18 03:14:23,583318.0,583510.0
2020-03-18 03:14:24,583318.0,583510.0
2020-03-18 03:14:25,583318.0,583510.0
2020-03-18 03:14:26,584488.0,584908.0
2020-03-18 03:14:27,584488.0,584908.0
2020-03-18 03:14:28,584488.0,584908.0
2020-03-18 03:14:29,584488.0,584908.0
2020-03-18 03:14:30,584488.0,584908.0
2020-03-18 03:14:31,584488.0,584908.0
2020-03-18 03:14:32,584488.0,584908.0
2020-03-18 03:14:33,584488.0,584908.0
2020-03-18 03:14:34,584488.0,584908.0
2020-03-18 03:14:35,584488.0,584908.0
2020-03-18 03:14:36,584488.0,584908.0
2020-03-18 03:14:37,584488.0,584908.0
2020-03-18 03:14:39,584488.0,584908.0
2020-03-18 03:14:40,583648.0,584172.0
2020-03-18 03:14:41,583648.0,584172.0
2020-03-18 03:14:42,583648.0,584172.0
2020-03-18 03:14:43,583648.0,584172.0
2020-03-18 03:14:44,583648.0,584172.0
2020-03-18 03:14:45,583648.0,584172.0
2020-03-18 03:14:46,583648.0,584172.0
2020-03-18 03:14:47,583648.0,584172.0
2020-03-18 03:14:48,583810.0,584275.0
2020-03-18 03:14:49,583810.0,584275.0
2020-03-18 03:14:50,583810.0,584275.0
2020-03-18 03:14:51,583810.0,584275.0
2020-03-18 03:14:52,583810.0,584275.0
2020-03-18 03:14:54,583810.0,584275.0
2020-03-18 03:14:55,583810.0,584275.0
2020-03-18 03:14:56,583330.0,583553.0
2020-03-18 03:14:57,583330.0,583553.0
2020-03-18 03:14:58,583330.0,583553.0
2020-03-18 03:14:59,583330.0,583553.0
2020-03-18 03:15:00,583330.0,583553.0
2020-03-18 03:15:01,583330.0,583553.0
2020-03-18 03:15:02,583330.0,583553.0
2020-03-18 03:15:03,583330.0,583553.0
2020-03-18 03:15:04,583330.0,583553.0
2020-03-18 03:15:05,583179.0,583701.0
2020-03-18 03:15:06,583179.0,583701.0
2020-03-18 03:15:08,583179.0,583701.0
2020-03-18 03:15:09,583179.0,583701.0
2020-03-18 03:15:10,583179.0,583701.0
2020-03-18 03:15:11,583179.0,583701.0
2020-03-18 03:15:12,583179.0,583701.0
2020-03-18 03:15:13,583179.0,583701.0
2020-03-18 03:15:14,583179.0,583701.0
2020-03-18 03:15:15,583103.0,583339.0
2020-03-18 03:15:16,583103.0,583339.0
2020-03-18 03:15:17,583103.0,583339.0
2020-03-18 03:15:18,583103.0,583339.0
2020-03-18 03:15:19,583103.0,583339.0
2020-03-18 03:15:20,583103.0,583339.0
2020-03-18 03:15:21,583103.0,583339.0
2020-03-18 03:15:22,583103.0,583339.0
2020-03-18 03:15:24,583103.0,583339.0
2020-03-18 03:15:25,582064.0,582496.0
2020-03-18 03:15:26,582064.0,582496.0
2020-03-18 03:15:27,582064.0,582496.0
2020-03-18 03:15:28,582064.0,582496.0
2020-03-18 03:15:29,582064.0,582496.0
2020-03-18 03:15:30,582064.0,582496.0
2020-03-18 03:15:31,582064.0,582496.0
2020-03-18 03:15:32,582064.0,582496.0
2020-03-18 03:15:33,582064.0,582496.0
2020-03-18 03:15:34,582064.0,582496.0
2020-03-18 03:15:35,582064.0,582496.0
2020-03-18 03:15:36,582253.0,582486.0
2020-03-18 03:15:37,582253.0,582486.0
2020-03-18 03:15:39,582253.0,582486.0
2020-03-18 03:15:40,582253.0,582486.0
2020-03-18 03:15:41,582253.0,582486.0
2020-03-18 03:15:42,582253.0,582486.0
2020-03-18 03:15:43,582253.0,582486.0
2020-03-18 03:15:44,582253.0,582486.0
2020-03-18 03:15:45,582253.0,582486.0
2020-03-18 03:15:46,582253.0,582486.0
2020-03-18 03:15:47,582253.0,582486.0
2020-03-18 03:15:48,581745.0,582131.0
2020-03-18 03:15:49,581745.0,582131.0
2020-03-18 03:15:50,581745.0,582131.0
2020-03-18 03:15:51,581745.0,582131.0
2020-03-18 03:15:52,581745.0,582131.0
2020-03-18 03:15:53,581745.0,582131.0
2020-03-18 03:15:54,581745.0,582131.0
2020-03-18 03:15:55,581745.0,582131.0
2020-03-18 03:15:57,582667.0,583055.0
2020-03-18 03:15:58,582667.0,583055.0
2020-03-18 03:15:59,582667.0,583055.0
2020-03-18 03:16:00,582667.0,583055.0
2020-03-18 03:16:01,582667.0,583055.0
2020-03-18 03:16:02,582667.0,583055.0
2020-03-18 03:16:03,582667.0,583055.0
2020-03-18 03:16:04,582667.0,583055.0
2020-03-18 03:16:05,583185.0,583538.0
2020-03-18 03:16:06,583185.0,583538.0
2020-03-18 03:16:07,583185.0,583538.0
2020-03-18 03:16:08,583185.0,583538.0
2020-03-18 03:16:09,583185.0,583538.0
2020-03-18 03:16:10,583185.0,583538.0
2020-03-18 03:16:12,583185.0,583538.0
2020-03-18 03:16:13,583185.0,583538.0
2020-03-18 03:16:14,583185.0,583538.0
2020-03-18 03:16:15,583185.0,583538.0
2020-03-18 03:16:16,583078.0,583524.0
2020-03-18 03:16:17,583078.0,583524.0
2020-03-18 03:16:18,583078.0,583524.0
2020-03-18 03:16:19,583078.0,583524.0
2020-03-18 03:16:20,583078.0,583524.0
2020-03-18 03:16:21,583078.0,583524.0
2020-03-18 03:16:22,583078.0,583524.0
2020-03-18 03:16:23,583078.0,583524.0
2020-03-18 03:16:24,583078.0,583524.0
2020-03-18 03:16:25,583078.0,583524.0
2020-03-18 03:16:26,583078.0,583524.0
2020-03-18 03:16:28,582874.0,583170.0
2020-03-18 03:16:29,582874.0,583170.0
2020-03-18 03:16:30,582874.0,583170.0
2020-03-18 03:16:31,582874.0,583170.0
2020-03-18 03:16:32,582874.0,583170.0
2020-03-18 03:16:33,582874.0,583170.0
2020-03-18 03:16:34,582874.0,583170.0
2020-03-18 03:16:35,582874.0,583170.0
2020-03-18 03:16:36,582952.0,583215.0
2020-03-18 03:16:37,582952.0,583215.0
2020-03-18 03:16:38,582952.0,583215.0
2020-03-18 03:16:39,582952.0,583215.0
2020-03-18 03:16:40,582952.0,583215.0
2020-03-18 03:16:41,582952.0,583215.0
2020-03-18 03:16:42,582952.0,583215.0
2020-03-18 03:16:43,582952.0,583215.0
2020-03-18 03:16:45,582952.0,583215.0
2020-03-18 03:16:46,582952.0,583215.0
2020-03-18 03:16:47,582952.0,583215.0
2020-03-18 03:16:48,583476.0,583999.0
2020-03-18 03:16:49,583476.0,583999.0
2020-03-18 03:16:50,583476.0,583999.0
2020-03-18 03:16:51,583476.0,583999.0
2020-03-18 03:16:52,583476.0,583999.0
2020-03-18 03:16:53,583476.0,583999.0
2020-03-18 03:16:54,583476.0,583999.0
2020-03-18 03:16:55,583476.0,583999.0
2020-03-18 03:16:56,583476.0,583999.0
2020-03-18 03:16:57,583476.0,583999.0
2020-03-18 03:16:58,583715.0,583990.0
2020-03-18 03:16:59,583715.0,583990.0
2020-03-18 03:17:00,583715.0,583990.0
2020-03-18 03:17:02,583715.0,583990.0
2020-03-18 03:17:03,583715.0,583990.0
2020-03-18 03:17:04,583715.0,583990.0
2020-03-18 03:17:05,583475.0,583924.0
2020-03-18 03:17:06,583475.0,583924.0
2020-03-18 03:17:07,583475.0,583924.0
2020-03-18 03:17:08,583475.0,583924.0
2020-03-18 03:17:09,583475.0,583924.0
2020-03-18 03:17:10,583475.0,583924.0
2020-03-18 03:17:11,583475.0,583924.0
2020-03-18 03:17:12,583475.0,583924.0
2020-03-18 03:17:13,583475.0,583924.0
2020-03-18 03:17:14,583475.0,583924.0
2020-03-18 03:17:15,583475.0,583924.0
2020-03-18 03:17:17,583245.0,583717.0
2020-03-18 03:17:18,583245.0,583717.0
2020-03-18 03:17:19,583245.0,583717.0
2020-03-18 03:17:20,583245.0,583717.0
2020-03-18 03:17:21,583245.0,583717.0
2020-03-18 03:17:22,583245.0,583717.0
2020-03-18 03:17:23,583245.0,583717.0
2020-03-18 03:17:24,583245.0,583717.0
2020-03-18 03:17:25,583245.0,583717.0
2020-03-18 03:17:26,583245.0,583717.0
2020-03-18 03:17:27,583245.0,583717.0
2020-03-18 03:17:28,583567.0,583967.0
2020-03-18 03:17:29,583567.0,583967.0
2020-03-18 03:17:30,583567.0,583967.0
2020-03-18 03:17:31,583567.0,583967.0
2020-03-18 03:17:32,583567.0,583967.0
2020-03-18 03:17:34,583567.0,583967.0
2020-03-18 03:17:35,583567.0,583967.0
2020-03-18 03:17:36,583567.0,583967.0
2020-03-18 03:17:37,583567.0,583967.0
2020-03-18 03:17:38,583567.0,583967.0
2020-03-18 03:17:39,583599.0,583999.0
2020-03-18 03:17:40,583599.0,583999.0
2020-03-18 03:17:41,583599.0,583999.0
2020-03-18 03:17:42,583599.0,583999.0
2020-03-18 03:17:43,583599.0,583999.0
2020-03-18 03:17:44,583599.0,583999.0
2020-03-18 03:17:45,583599.0,583999.0
2020-03-18 03:17:46,583892.0,584369.0
2020-03-18 03:17:47,583892.0,584369.0
2020-03-18 03:17:48,583892.0,584369.0
2020-03-18 03:17:49,583892.0,584369.0
2020-03-18 03:17:51,583892.0,584369.0
2020-03-18 03:17:52,583892.0,584369.0
2020-03-18 03:17:53,583892.0,584369.0
2020-03-18 03:17:54,583892.0,584369.0
2020-03-18 03:17:55,583892.0,584369.0
2020-03-18 03:17:56,583941.0,584458.0
2020-03-18 03:17:57,583941.0,584458.0
2020-03-18 03:17:58,583941.0,584458.0
2020-03-18 03:17:59,583941.0,584458.0
2020-03-18 03:18:00,583941.0,584458.0
2020-03-18 03:18:01,583941.0,584458.0
2020-03-18 03:18:02,583941.0,584458.0
2020-03-18 03:18:03,583941.0,584458.0
2020-03-18 03:18:04,583941.0,584458.0
2020-03-18 03:18:05,584492.0,584870.0
2020-03-18 03:18:07,584492.0,584870.0
2020-03-18 03:18:08,584492.0,584870.0
2020-03-18 03:18:09,584492.0,584870.0
2020-03-18 03:18:10,584492.0,584870.0
2020-03-18 03:18:11,584492.0,584870.0
2020-03-18 03:18:12,584492.0,584870.0
2020-03-18 03:18:13,584492.0,584870.0
2020-03-18 03:18:14,584492.0,584870.0
2020-03-18 03:18:15,584492.0,584870.0
2020-03-18 03:18:16,584492.0,584870.0
2020-03-18 03:18:17,584478.0,585104.0
2020-03-18 03:18:18,584478.0,585104.0
2020-03-18 03:18:19,584478.0,585104.0
2020-03-18 03:18:20,584478.0,585104.0
2020-03-18 03:18:21,584478.0,585104.0
2020-03-18 03:18:22,584478.0,585104.0
2020-03-18 03:18:24,584478.0,585104.0
2020-03-18 03:18:25,584564.0,585002.0
2020-03-18 03:18:26,584564.0,585002.0
2020-03-18 03:18:27,584564.0,585002.0
2020-03-18 03:18:28,584564.0,585002.0
2020-03-18 03:18:29,584564.0,585002.0
2020-03-18 03:18:30,584564.0,585002.0
2020-03-18 03:18:31,584564.0,585002.0
2020-03-18 03:18:32,584564.0,585002.0
2020-03-18 03:18:33,584564.0,585002.0
2020-03-18 03:18:34,584564.0,585002.0
2020-03-18 03:18:35,584944.0,585215.0
2020-03-18 03:18:36,584944.0,585215.0
2020-03-18 03:18:37,584944.0,585215.0
2020-03-18 03:18:38,584944.0,585215.0
2020-03-18 03:18:39,584944.0,585215.0
2020-03-18 03:18:41,584944.0,585215.0
2020-03-18 03:18:42,584944.0,585215.0
2020-03-18 03:18:43,584944.0,585215.0
2020-03-18 03:18:44,584944.0,585215.0
2020-03-18 03:18:45,585093.0,585180.0
2020-03-18 03:18:46,585093.0,585180.0
2020-03-18 03:18:47,585093.0,585180.0
2020-03-18 03:18:48,585093.0,585180.0
2020-03-18 03:18:49,585093.0,585180.0
2020-03-18 03:18:50,585093.0,585180.0
2020-03-18 03:18:51,585093.0,585180.0
2020-03-18 03:18:52,585093.0,585180.0
2020-03-18 03:18:53,585093.0,585180.0
2020-03-18 03:18:54,585093.0,585180.0
2020-03-18 03:18:55,585093.0,585180.0
2020-03-18 03:18:56,585093.0,585180.0
2020-03-18 03:18:58,585093.0,585180.0
2020-03-18 03:18:59,585847.0,586336.0
2020-03-18 03:19:00,585847.0,586336.0
2020-03-18 03:19:01,585847.0,586336.0
2020-03-18 03:19:02,585847.0,586336.0
2020-03-18 03:19:03,585847.0,586336.0
2020-03-18 03:19:04,585847.0,586336.0
2020-03-18 03:19:05,585893.0,586329.0
2020-03-18 03:19:06,585893.0,586329.0
2020-03-18 03:19:07,585893.0,586329.0
2020-03-18 03:19:08,585893.0,586329.0
2020-03-18 03:19:09,585893.0,586329.0
2020-03-18 03:19:10,585893.0,586329.0
2020-03-18 03:19:11,585893.0,586329.0
2020-03-18 03:19:12,585893.0,586329.0
2020-03-18 03:19:14,585893.0,586329.0
2020-03-18 03:19:15,585893.0,586329.0
2020-03-18 03:19:16,585343.0,585794.0
2020-03-18 03:19:17,585343.0,585794.0
2020-03-18 03:19:18,585343.0,585794.0
2020-03-18 03:19:19,585343.0,585794.0
2020-03-18 03:19:20,585343.0,585794.0
2020-03-18 03:19:21,585343.0,585794.0
2020-03-18 03:19:22,585343.0,585794.0
2020-03-18 03:19:23,585343.0,585794.0
2020-03-18 03:19:24,585343.0,585794.0
2020-03-18 03:19:25,585343.0,585794.0
2020-03-18 03:19:27,584464.0,585020.0
2020-03-18 03:19:28,584464.0,585020.0
2020-03-18 03:19:29,584464.0,585020.0
2020-03-18 03:19:30,584464.0,585020.0
2020-03-18 03:19:31,584464.0,585020.0
2020-03-18 03:19:32,584464.0,585020.0
2020-03-18 03:19:33,584464.0,585020.0
2020-03-18 03:19:34,584464.0,585020.0
2020-03-18 03:19:35,584464.0,585020.0
2020-03-18 03:19:36,584474.0,584858.0
2020-03-18 03:19:37,584474.0,584858.0
2020-03-18 03:19:38,584474.0,584858.0
2020-03-18 03:19:40,584474.0,584858.0
2020-03-18 03:19:41,584474.0,584858.0
2020-03-18 03:19:42,584474.0,584858.0
2020-03-18 03:19:43,584474.0,584858.0
2020-03-18 03:19:44,584474.0,584858.0
2020-03-18 03:19:45,584474.0,584858.0
2020-03-18 03:19:46,585398.0,585469.0
2020-03-18 03:19:47,585398.0,585469.0
2020-03-18 03:19:49,585398.0,585469.0
2020-03-18 03:19:50,585398.0,585469.0
2020-03-18 03:19:51,585398.0,585469.0
2020-03-18 03:19:52,585398.0,585469.0
2020-03-18 03:19:53,585398.0,585469.0
2020-03-18 03:19:54,585398.0,585469.0
2020-03-18 03:19:55,585029.0,585431.0
2020-03-18 03:19:56,585029.0,585431.0
2020-03-18 03:19:57,585029.0,585431.0
2020-03-18 03:19:58,585029.0,585431.0
2020-03-18 03:19:59,585029.0,585431.0
2020-03-18 03:20:00,585029.0,585431.0
2020-03-18 03:20:01,585029.0,585431.0
2020-03-18 03:20:02,585029.0,585431.0
2020-03-18 03:20:03,585029.0,585431.0
2020-03-18 03:20:04,585029.0,585431.0
2020-03-18 03:20:06,585029.0,585431.0
2020-03-18 03:20:07,585423.0,585763.0
2020-03-18 03:20:08,585423.0,585763.0
2020-03-18 03:20:09,585423.0,585763.0
2020-03-18 03:20:10,585423.0,585763.0
2020-03-18 03:20:11,585423.0,585763.0
2020-03-18 03:20:12,585423.0,585763.0
2020-03-18 03:20:13,585423.0,585763.0
2020-03-18 03:20:14,585423.0,585763.0
2020-03-18 03:20:15,585423.0,585763.0
2020-03-18 03:20:16,585423.0,585763.0
2020-03-18 03:20:17,585295.0,585576.0
2020-03-18 03:20:18,585295.0,585576.0
2020-03-18 03:20:19,585295.0,585576.0
2020-03-18 03:20:21,585295.0,585576.0
2020-03-18 03:20:22,585295.0,585576.0
2020-03-18 03:20:23,585295.0,585576.0
2020-03-18 03:20:24,585295.0,585576.0
2020-03-18 03:20:25,585295.0,585576.0
2020-03-18 03:20:26,585295.0,585576.0
2020-03-18 03:20:27,585295.0,585576.0
2020-03-18 03:20:28,585295.0,585576.0
2020-03-18 03:20:29,585295.0,585576.0
2020-03-18 03:20:30,585347.0,585791.0
2020-03-18 03:20:31,585347.0,585791.0
2020-03-18 03:20:32,585347.0,585791.0
2020-03-18 03:20:33,585347.0,585791.0
2020-03-18 03:20:34,585347.0,585791.0
2020-03-18 03:20:35,585347.0,585791.0
2020-03-18 03:20:36,585347.0,585791.0
2020-03-18 03:20:38,585347.0,585791.0
2020-03-18 03:20:39,585347.0,585791.0
2020-03-18 03:20:40,585056.0,585374.0
2020-03-18 03:20:41,585056.0,585374.0
2020-03-18 03:20:42,585056.0,585374.0
2020-03-18 03:20:43,585056.0,585374.0
2020-03-18 03:20:44,585056.0,585374.0
2020-03-18 03:20:45,585056.0,585374.0
2020-03-18 03:20:46,585056.0,585374.0
2020-03-18 03:20:47,585065.0,585354.0
2020-03-18 03:20:48,585065.0,585354.0
2020-03-18 03:20:49,585065.0,585354.0
2020-03-18 03:20:50,585065.0,585354.0
2020-03-18 03:20:52,585065.0,585354.0
2020-03-18 03:20:53,585065.0,585354.0
2020-03-18 03:20:54,585065.0,585354.0
2020-03-18 03:20:55,585065.0,585354.0
2020-03-18 03:20:56,585065.0,585354.0
2020-03-18 03:20:57,585065.0,585354.0
2020-03-18 03:20:58,585209.0,585838.0
2020-03-18 03:20:59,585209.0,585838.0
2020-03-18 03:21:00,585209.0,585838.0
2020-03-18 03:21:01,585209.0,585838.0
2020-03-18 03:21:02,585209.0,585838.0
2020-03-18 03:21:03,585209.0,585838.0
2020-03-18 03:21:04,585209.0,585838.0
2020-03-18 03:21:05,585209.0,585838.0
2020-03-18 03:21:07,585437.0,585947.0
2020-03-18 03:21:08,585437.0,585947.0
2020-03-18 03:21:09,585437.0,585947.0
2020-03-18 03:21:10,585437.0,585947.0
2020-03-18 03:21:11,585437.0,585947.0
2020-03-18 03:21:12,585437.0,585947.0
2020-03-18 03:21:13,585437.0,585947.0
2020-03-18 03:21:14,585437.0,585947.0
2020-03-18 03:21:15,585437.0,585947.0
2020-03-18 03:21:16,584989.0,585527.0
2020-03-18 03:21:17,584989.0,585527.0
2020-03-18 03:21:18,584989.0,585527.0
2020-03-18 03:21:19,584989.0,585527.0
2020-03-18 03:21:20,584989.0,585527.0
2020-03-18 03:21:21,584989.0,585527.0
2020-03-18 03:21:22,584989.0,585527.0
2020-03-18 03:21:24,584989.0,585527.0
2020-03-18 03:21:25,584989.0,585527.0
2020-03-18 03:21:26,584989.0,585527.0
2020-03-18 03:21:27,584267.0,584626.0
2020-03-18 03:21:28,584267.0,584626.0
2020-03-18 03:21:29,584267.0,584626.0
2020-03-18 03:21:31,584267.0,584626.0
2020-03-18 03:21:32,584267.0,584626.0
2020-03-18 03:21:33,584267.0,584626.0
2020-03-18 03:21:34,584267.0,584626.0
2020-03-18 03:21:35,584267.0,584626.0
2020-03-18 03:21:36,584297.0,584784.0
2020-03-18 03:21:37,584297.0,584784.0
2020-03-18 03:21:38,584297.0,584784.0
2020-03-18 03:21:39,584297.0,584784.0
2020-03-18 03:21:40,584297.0,584784.0
2020-03-18 03:21:41,584297.0,584784.0
2020-03-18 03:21:42,584297.0,584784.0
2020-03-18 03:21:43,584297.0,584784.0
2020-03-18 03:21:44,584297.0,584784.0
2020-03-18 03:21:45,584297.0,584784.0
2020-03-18 03:21:46,584213.0,584676.0
2020-03-18 03:21:48,584213.0,584676.0
2020-03-18 03:21:49,584213.0,584676.0
2020-03-18 03:21:50,584213.0,584676.0
2020-03-18 03:21:51,584213.0,584676.0
2020-03-18 03:21:52,584213.0,584676.0
2020-03-18 03:21:53,584213.0,584676.0
2020-03-18 03:21:54,584213.0,584676.0
2020-03-18 03:21:55,584213.0,584676.0
2020-03-18 03:21:56,583581.0,584032.0
2020-03-18 03:21:57,583581.0,584032.0
2020-03-18 03:21:58,583581.0,584032.0
2020-03-18 03:21:59,583581.0,584032.0
2020-03-18 03:22:00,583581.0,584032.0
2020-03-18 03:22:02,583581.0,584032.0
2020-03-18 03:22:03,583581.0,584032.0
2020-03-18 03:22:04,583581.0,584032.0
2020-03-18 03:22:05,583364.0,583818.0
2020-03-18 03:22:06,583364.0,583818.0
2020-03-18 03:22:07,583364.0,583818.0
2020-03-18 03:22:08,583364.0,583818.0
2020-03-18 03:22:09,583364.0,583818.0
2020-03-18 03:22:10,583364.0,583818.0
2020-03-18 03:22:11,583364.0,583818.0
2020-03-18 03:22:12,583364.0,583818.0
2020-03-18 03:22:13,583364.0,583818.0
2020-03-18 03:22:14,583364.0,583818.0
2020-03-18 03:22:15,582595.0,583000.0
2020-03-18 03:22:17,582595.0,583000.0
2020-03-18 03:22:18,582595.0,583000.0
2020-03-18 03:22:19,582595.0,583000.0
2020-03-18 03:22:20,582595.0,583000.0
2020-03-18 03:22:21,582595.0,583000.0
2020-03-18 03:22:22,582595.0,583000.0
2020-03-18 03:22:23,582595.0,583000.0
2020-03-18 03:22:24,582595.0,583000.0
2020-03-18 03:22:25,582595.0,583000.0
2020-03-18 03:22:27,582595.0,583000.0
2020-03-18 03:22:28,582595.0,583000.0
2020-03-18 03:22:29,582595.0,583000.0
2020-03-18 03:22:30,583000.0,583122.0
2020-03-18 03:22:31,583000.0,583122.0
2020-03-18 03:22:32,583000.0,583122.0
2020-03-18 03:22:33,583000.0,583122.0
2020-03-18 03:22:34,583000.0,583122.0
2020-03-18 03:22:35,582606.0,583100.0
2020-03-18 03:22:36,582606.0,583100.0
2020-03-18 03:22:37,582606.0,583100.0
2020-03-18 03:22:38,582606.0,583100.0
2020-03-18 03:22:39,582606.0,583100.0
2020-03-18 03:22:41,582606.0,583100.0
2020-03-18 03:22:42,582606.0,583100.0
2020-03-18 03:22:43,582606.0,583100.0
2020-03-18 03:22:44,582606.0,583100.0
2020-03-18 03:22:45,582606.0,583100.0
2020-03-18 03:22:46,582552.0,582630.0
2020-03-18 03:22:47,582552.0,582630.0
2020-03-18 03:22:48,582552.0,582630.0
2020-03-18 03:22:49,582552.0,582630.0
2020-03-18 03:22:50,582552.0,582630.0
2020-03-18 03:22:51,582552.0,582630.0
2020-03-18 03:22:52,582552.0,582630.0
2020-03-18 03:22:53,582552.0,582630.0
2020-03-18 03:22:54,582552.0,582630.0
2020-03-18 03:22:55,582552.0,582630.0
2020-03-18 03:22:57,582552.0,582630.0
2020-03-18 03:22:58,581520.0,582019.0
2020-03-18 03:22:59,581520.0,582019.0
2020-03-18 03:23:00,581520.0,582019.0
2020-03-18 03:23:01,581520.0,582019.0
2020-03-18 03:23:02,581520.0,582019.0
2020-03-18 03:23:04,581520.0,582019.0
2020-03-18 03:23:05,582301.0,582926.0
2020-03-18 03:23:06,582301.0,582926.0
2020-03-18 03:23:07,582301.0,582926.0
2020-03-18 03:23:08,582301.0,582926.0
2020-03-18 03:23:09,582301.0,582926.0
2020-03-18 03:23:10,582301.0,582926.0
2020-03-18 03:23:11,582301.0,582926.0
2020-03-18 03:23:12,582301.0,582926.0
2020-03-18 03:23:14,582301.0,582926.0
2020-03-18 03:23:15,581585.0,581841.0
2020-03-18 03:23:16,581585.0,581841.0
2020-03-18 03:23:17,581585.0,581841.0
2020-03-18 03:23:18,581585.0,581841.0
2020-03-18 03:23:19,581585.0,581841.0
2020-03-18 03:23:20,581585.0,581841.0
2020-03-18 03:23:21,581585.0,581841.0
2020-03-18 03:23:22,581585.0,581841.0
2020-03-18 03:23:23,581585.0,581841.0
2020-03-18 03:23:24,581585.0,581841.0
2020-03-18 03:23:25,582299.0,582793.0
2020-03-18 03:23:26,582299.0,582793.0
2020-03-18 03:23:27,582299.0,582793.0
2020-03-18 03:23:28,582299.0,582793.0
2020-03-18 03:23:30,582299.0,582793.0
2020-03-18 03:23:31,582299.0,582793.0
2020-03-18 03:23:32,582299.0,582793.0
2020-03-18 03:23:33,582299.0,582793.0
2020-03-18 03:23:34,582299.0,582793.0
2020-03-18 03:23:35,582299.0,582793.0
2020-03-18 03:23:36,582544.0,582661.0
2020-03-18 03:23:37,582544.0,582661.0
2020-03-18 03:23:38,582544.0,582661.0
2020-03-18 03:23:39,582544.0,582661.0
2020-03-18 03:23:40,582544.0,582661.0
2020-03-18 03:23:41,582544.0,582661.0
2020-03-18 03:23:42,582544.0,582661.0
2020-03-18 03:23:43,582544.0,582661.0
2020-03-18 03:23:44,582544.0,582661.0
2020-03-18 03:23:45,582544.0,582661.0
2020-03-18 03:23:47,582132.0,582333.0
2020-03-18 03:23:48,582132.0,582333.0
2020-03-18 03:23:49,582132.0,582333.0
2020-03-18 03:23:50,582132.0,582333.0
2020-03-18 03:23:51,582132.0,582333.0
2020-03-18 03:23:52,582132.0,582333.0
2020-03-18 03:23:53,582132.0,582333.0
2020-03-18 03:23:54,582132.0,582333.0
2020-03-18 03:23:55,582493.0,582949.0
2020-03-18 03:23:56,582493.0,582949.0
2020-03-18 03:23:57,582493.0,582949.0
2020-03-18 03:23:58,582493.0,582949.0
2020-03-18 03:23:59,582493.0,582949.0
2020-03-18 03:24:00,582493.0,582949.0
2020-03-18 03:24:01,582493.0,582949.0
2020-03-18 03:24:02,582493.0,582949.0
2020-03-18 03:24:04,582493.0,582949.0
2020-03-18 03:24:05,582493.0,582949.0
2020-03-18 03:24:06,582615.0,583069.0
2020-03-18 03:24:07,582615.0,583069.0
2020-03-18 03:24:08,582615.0,583069.0
2020-03-18 03:24:09,582615.0,583069.0
2020-03-18 03:24:10,582615.0,583069.0
2020-03-18 03:24:11,582615.0,583069.0
2020-03-18 03:24:12,582615.0,583069.0
2020-03-18 03:24:13,582615.0,583069.0
2020-03-18 03:24:14,582615.0,583069.0
2020-03-18 03:24:15,582615.0,583069.0
2020-03-18 03:24:16,582615.0,583069.0
2020-03-18 03:24:17,582615.0,583069.0
2020-03-18 03:24:18,582615.0,583069.0
2020-03-18 03:24:19,582356.0,582745.0
2020-03-18 03:24:21,582356.0,582745.0
2020-03-18 03:24:22,582356.0,582745.0
2020-03-18 03:24:23,582356.0,582745.0
2020-03-18 03:24:24,582356.0,582745.0
2020-03-18 03:24:25,582356.0,582745.0
2020-03-18 03:24:26,582356.0,582745.0
2020-03-18 03:24:27,582356.0,582745.0
2020-03-18 03:24:28,582389.0,582644.0
2020-03-18 03:24:29,582389.0,582644.0
2020-03-18 03:24:30,582389.0,582644.0
2020-03-18 03:24:31,582389.0,582644.0
2020-03-18 03:24:32,582389.0,582644.0
2020-03-18 03:24:33,582389.0,582644.0
2020-03-18 03:24:34,582389.0,582644.0
2020-03-18 03:24:35,582389.0,582644.0
2020-03-18 03:24:37,581829.0,582361.0
2020-03-18 03:24:38,581829.0,582361.0
2020-03-18 03:24:39,581829.0,582361.0
2020-03-18 03:24:40,581829.0,582361.0
2020-03-18 03:24:41,581829.0,582361.0
2020-03-18 03:24:42,581829.0,582361.0
2020-03-18 03:24:43,581829.0,582361.0
2020-03-18 03:24:44,581829.0,582361.0
2020-03-18 03:24:45,581829.0,582361.0
2020-03-18 03:24:46,581829.0,582361.0
2020-03-18 03:24:47,581829.0,582361.0
2020-03-18 03:24:48,581829.0,582361.0
2020-03-18 03:24:49,581829.0,582361.0
2020-03-18 03:24:50,581884.0,582191.0
2020-03-18 03:24:51,581884.0,582191.0
2020-03-18 03:24:52,581884.0,582191.0
2020-03-18 03:24:53,581884.0,582191.0
2020-03-18 03:24:55,581884.0,582191.0
2020-03-18 03:24:56,581884.0,582191.0
2020-03-18 03:24:57,581968.0,582562.0
2020-03-18 03:24:58,581968.0,582562.0
2020-03-18 03:24:59,581968.0,582562.0
2020-03-18 03:25:00,581968.0,582562.0
2020-03-18 03:25:01,581968.0,582562.0
2020-03-18 03:25:02,581968.0,582562.0
2020-03-18 03:25:03,581968.0,582562.0
2020-03-18 03:25:04,581968.0,582562.0
2020-03-18 03:25:05,581968.0,582562.0
2020-03-18 03:25:06,582395.0,582921.0
2020-03-18 03:25:07,582395.0,582921.0
2020-03-18 03:25:08,582395.0,582921.0
2020-03-18 03:25:09,582395.0,582921.0
2020-03-18 03:25:11,582395.0,582921.0
2020-03-18 03:25:12,582395.0,582921.0
2020-03-18 03:25:13,582395.0,582921.0
2020-03-18 03:25:14,582395.0,582921.0
2020-03-18 03:25:15,582395.0,582921.0
2020-03-18 03:25:16,582395.0,582921.0
2020-03-18 03:25:17,582395.0,582921.0
2020-03-18 03:25:18,582132.0,582585.0
2020-03-18 03:25:19,582132.0,582585.0
2020-03-18 03:25:20,582132.0,582585.0
2020-03-18 03:25:21,582132.0,582585.0
2020-03-18 03:25:22,582132.0,582585.0
2020-03-18 03:25:23,582132.0,582585.0
2020-03-18 03:25:24,582132.0,582585.0
2020-03-18 03:25:25,582132.0,582585.0
2020-03-18 03:25:27,581561.0,581810.0
2020-03-18 03:25:28,581561.0,581810.0
2020-03-18 03:25:29,581561.0,581810.0
2020-03-18 03:25:30,581561.0,581810.0
2020-03-18 03:25:31,581561.0,581810.0
2020-03-18 03:25:32,581561.0,581810.0
2020-03-18 03:25:33,581561.0,581810.0
2020-03-18 03:25:34,581561.0,581810.0
2020-03-18 03:25:35,581561.0,581810.0
2020-03-18 03:25:36,581561.0,581810.0
2020-03-18 03:25:37,581967.0,582325.0
2020-03-18 03:25:38,581967.0,582325.0
2020-03-18 03:25:39,581967.0,582325.0
2020-03-18 03:25:41,581967.0,582325.0
2020-03-18 03:25:42,581967.0,582325.0
2020-03-18 03:25:43,581967.0,582325.0
2020-03-18 03:25:44,581967.0,582325.0
2020-03-18 03:25:45,581967.0,582325.0
2020-03-18 03:25:47,582698.0,583252.0
2020-03-18 03:25:48,582698.0,583252.0
2020-03-18 03:25:49,582698.0,583252.0
2020-03-18 03:25:50,582698.0,583252.0
2020-03-18 03:25:51,582698.0,583252.0
2020-03-18 03:25:52,582698.0,583252.0
2020-03-18 03:25:53,582698.0,583252.0
2020-03-18 03:25:54,582698.0,583252.0
2020-03-18 03:25:55,582698.0,583252.0
2020-03-18 03:25:56,583642.0,583900.0
2020-03-18 03:25:57,583642.0,583900.0
2020-03-18 03:25:58,583642.0,583900.0
2020-03-18 03:25:59,583642.0,583900.0
2020-03-18 03:26:01,583642.0,583900.0
2020-03-18 03:26:02,583642.0,583900.0
2020-03-18 03:26:03,583642.0,583900.0
2020-03-18 03:26:04,583642.0,583900.0
2020-03-18 03:26:05,584376.0,584970.0
2020-03-18 03:26:06,584376.0,584970.0
2020-03-18 03:26:07,584376.0,584970.0
2020-03-18 03:26:08,584376.0,584970.0
2020-03-18 03:26:09,584376.0,584970.0
2020-03-18 03:26:10,584376.0,584970.0
2020-03-18 03:26:11,584376.0,584970.0
2020-03-18 03:26:12,584376.0,584970.0
2020-03-18 03:26:13,584376.0,584970.0
2020-03-18 03:26:14,584376.0,584970.0
2020-03-18 03:26:15,584376.0,584970.0
2020-03-18 03:26:17,583904.0,584275.0
2020-03-18 03:26:18,583904.0,584275.0
2020-03-18 03:26:19,583904.0,584275.0
2020-03-18 03:26:20,583904.0,584275.0
2020-03-18 03:26:21,583904.0,584275.0
2020-03-18 03:26:22,583904.0,584275.0
2020-03-18 03:26:23,583904.0,584275.0
2020-03-18 03:26:24,583904.0,584275.0
2020-03-18 03:26:25,583928.0,584193.0
2020-03-18 03:26:26,583928.0,584193.0
2020-03-18 03:26:27,583928.0,584193.0
2020-03-18 03:26:28,583928.0,584193.0
2020-03-18 03:26:29,583928.0,584193.0
2020-03-18 03:26:30,583928.0,584193.0
2020-03-18 03:26:31,583928.0,584193.0
2020-03-18 03:26:33,583928.0,584193.0
2020-03-18 03:26:34,583928.0,584193.0
2020-03-18 03:26:35,584731.0,585444.0
2020-03-18 03:26:36,584731.0,585444.0
2020-03-18 03:26:37,584731.0,585444.0
2020-03-18 03:26:38,584731.0,585444.0
2020-03-18 03:26:39,584731.0,585444.0
2020-03-18 03:26:40,584731.0,585444.0
2020-03-18 03:26:41,584731.0,585444.0
2020-03-18 03:26:42,584731.0,585444.0
2020-03-18 03:26:43,584731.0,585444.0
2020-03-18 03:26:44,584731.0,585444.0
2020-03-18 03:26:45,584731.0,585444.0
2020-03-18 03:26:46,584662.0,585133.0
2020-03-18 03:26:47,584662.0,585133.0
2020-03-18 03:26:49,584662.0,585133.0
2020-03-18 03:26:50,584662.0,585133.0
2020-03-18 03:26:51,584662.0,585133.0
2020-03-18 03:26:52,584662.0,585133.0
2020-03-18 03:26:53,584662.0,585133.0
2020-03-18 03:26:54,584662.0,585133.0
2020-03-18 03:26:55,584662.0,585133.0
2020-03-18 03:26:56,584967.0,585037.0
2020-03-18 03:26:57,584967.0,585037.0
2020-03-18 03:26:58,584967.0,585037.0
2020-03-18 03:26:59,584967.0,585037.0
2020-03-18 03:27:01,584967.0,585037.0
2020-03-18 03:27:02,584967.0,585037.0
2020-03-18 03:27:03,584967.0,585037.0
2020-03-18 03:27:04,584967.0,585037.0
2020-03-18 03:27:05,584454.0,584951.0
2020-03-18 03:27:06,584454.0,584951.0
2020-03-18 03:27:07,584454.0,584951.0
2020-03-18 03:27:08,584454.0,584951.0
2020-03-18 03:27:09,584454.0,584951.0
2020-03-18 03:27:10,584454.0,584951.0
2020-03-18 03:27:11,584454.0,584951.0
2020-03-18 03:27:12,584454.0,584951.0
2020-03-18 03:27:13,584454.0,584951.0
2020-03-18 03:27:14,584454.0,584951.0
2020-03-18 03:27:16,584718.0,585259.0
2020-03-18 03:27:17,584718.0,585259.0
2020-03-18 03:27:18,584718.0,585259.0
2020-03-18 03:27:19,584718.0,585259.0
2020-03-18 03:27:20,584718.0,585259.0
2020-03-18 03:27:21,584718.0,585259.0
2020-03-18 03:27:22,584718.0,585259.0
2020-03-18 03:27:23,584718.0,585259.0
2020-03-18 03:27:24,584718.0,585259.0
2020-03-18 03:27:25,584718.0,585259.0
2020-03-18 03:27:26,585608.0,586256.0
2020-03-18 03:27:27,585608.0,586256.0
2020-03-18 03:27:28,585608.0,586256.0
2020-03-18 03:27:29,585608.0,586256.0
2020-03-18 03:27:30,585608.0,586256.0
2020-03-18 03:27:31,585608.0,586256.0
2020-03-18 03:27:33,585608.0,586256.0
2020-03-18 03:27:34,585608.0,586256.0
2020-03-18 03:27:35,585608.0,586256.0
2020-03-18 03:27:36,585608.0,586256.0
2020-03-18 03:27:37,585217.0,585691.0
2020-03-18 03:27:38,585217.0,585691.0
2020-03-18 03:27:39,585217.0,585691.0
2020-03-18 03:27:40,585217.0,585691.0
2020-03-18 03:27:41,585217.0,585691.0
2020-03-18 03:27:42,585217.0,585691.0
2020-03-18 03:27:43,585217.0,585691.0
2020-03-18 03:27:44,585217.0,585691.0
2020-03-18 03:27:45,585217.0,585691.0
2020-03-18 03:27:46,585018.0,585601.0
2020-03-18 03:27:48,585018.0,585601.0
2020-03-18 03:27:49,585018.0,585601.0
2020-03-18 03:27:50,585018.0,585601.0
2020-03-18 03:27:51,585018.0,585601.0
2020-03-18 03:27:52,585018.0,585601.0
2020-03-18 03:27:53,585018.0,585601.0
2020-03-18 03:27:54,585018.0,585601.0
2020-03-18 03:27:55,585018.0,585601.0
2020-03-18 03:27:56,585018.0,585601.0
2020-03-18 03:27:57,584773.0,584946.0
2020-03-18 03:27:58,584773.0,584946.0
2020-03-18 03:27:59,584773.0,584946.0
2020-03-18 03:28:00,584773.0,584946.0
2020-03-18 03:28:01,584773.0,584946.0
2020-03-18 03:28:02,584773.0,584946.0
2020-03-18 03:28:03,584773.0,584946.0
2020-03-18 03:28:04,584384.0,584892.0
2020-03-18 03:28:06,584384.0,584892.0
2020-03-18 03:28:07,584384.0,584892.0
2020-03-18 03:28:08,584384.0,584892.0
2020-03-18 03:28:09,584384.0,584892.0
2020-03-18 03:28:10,584384.0,584892.0
2020-03-18 03:28:11,584384.0,584892.0
2020-03-18 03:28:12,584384.0,584892.0
2020-03-18 03:28:13,584384.0,584892.0
2020-03-18 03:28:14,584384.0,584892.0
2020-03-18 03:28:15,584142.0,584577.0
2020-03-18 03:28:16,584142.0,584577.0
2020-03-18 03:28:17,584142.0,584577.0
2020-03-18 03:28:18,584142.0,584577.0
2020-03-18 03:28:19,584142.0,584577.0
2020-03-18 03:28:20,584142.0,584577.0
2020-03-18 03:28:22,584142.0,584577.0
2020-03-18 03:28:23,584142.0,584577.0
2020-03-18 03:28:24,584142.0,584577.0
2020-03-18 03:28:25,584025.0,584484.0
2020-03-18 03:28:26,584025.0,584484.0
2020-03-18 03:28:27,584025.0,584484.0
2020-03-18 03:28:28,584025.0,584484.0
2020-03-18 03:28:29,584025.0,584484.0
2020-03-18 03:28:30,584025.0,584484.0
2020-03-18 03:28:31,584025.0,584484.0
2020-03-18 03:28:32,584025.0,584484.0
2020-03-18 03:28:33,584025.0,584484.0
2020-03-18 03:28:34,584025.0,584484.0
2020-03-18 03:28:35,584991.0,585325.0
2020-03-18 03:28:36,584991.0,585325.0
2020-03-18 03:28:37,584991.0,585325.0
2020-03-18 03:28:39,584991.0,585325.0
2020-03-18 03:28:40,584991.0,585325.0
2020-03-18 03:28:41,584991.0,585325.0
2020-03-18 03:28:42,584991.0,585325.0
2020-03-18 03:28:43,584991.0,585325.0
2020-03-18 03:28:44,584991.0,585325.0
2020-03-18 03:28:45,584991.0,585325.0
2020-03-18 03:28:46,584762.0,585267.0
2020-03-18 03:28:47,584762.0,585267.0
2020-03-18 03:28:48,584762.0,585267.0
2020-03-18 03:28:49,584762.0,585267.0
2020-03-18 03:28:50,584762.0,585267.0
2020-03-18 03:28:51,584762.0,585267.0
2020-03-18 03:28:52,584762.0,585267.0
2020-03-18 03:28:54,584762.0,585267.0
2020-03-18 03:28:55,584762.0,585267.0
2020-03-18 03:28:56,584762.0,585267.0
2020-03-18 03:28:57,585291.0,585549.0
2020-03-18 03:28:58,585291.0,585549.0
2020-03-18 03:28:59,585291.0,585549.0
2020-03-18 03:29:00,585291.0,585549.0
2020-03-18 03:29:01,585291.0,585549.0
2020-03-18 03:29:03,585291.0,585549.0
2020-03-18 03:29:04,585291.0,585549.0
2020-03-18 03:29:05,584650.0,585335.0
2020-03-18 03:29:06,584650.0,585335.0
2020-03-18 03:29:07,584650.0,585335.0
2020-03-18 03:29:08,584650.0,585335.0
2020-03-18 03:29:09,584650.0,585335.0
2020-03-18 03:29:10,584650.0,585335.0
2020-03-18 03:29:11,584650.0,585335.0
2020-03-18 03:29:12,584650.0,585335.0
2020-03-18 03:29:13,584650.0,585335.0
2020-03-18 03:29:14,584650.0,585335.0
2020-03-18 03:29:15,584770.0,585245.0
2020-03-18 03:29:17,584770.0,585245.0
2020-03-18 03:29:18,584770.0,585245.0
2020-03-18 03:29:19,584770.0,585245.0
2020-03-18 03:29:20,584770.0,585245.0
2020-03-18 03:29:21,584770.0,585245.0
2020-03-18 03:29:22,584770.0,585245.0
2020-03-18 03:29:23,584770.0,585245.0
2020-03-18 03:29:24,584770.0,585245.0
2020-03-18 03:29:25,584770.0,585245.0
2020-03-18 03:29:26,584770.0,585245.0
2020-03-18 03:29:27,584770.0,585245.0
2020-03-18 03:29:28,584770.0,585245.0
2020-03-18 03:29:29,584770.0,585245.0
2020-03-18 03:29:30,585216.0,585687.0
2020-03-18 03:29:31,585216.0,585687.0
2020-03-18 03:29:32,585216.0,585687.0
2020-03-18 03:29:34,585216.0,585687.0
2020-03-18 03:29:35,585244.0,585641.0
2020-03-18 03:29:36,585244.0,585641.0
2020-03-18 03:29:37,585244.0,585641.0
2020-03-18 03:29:38,585244.0,585641.0
2020-03-18 03:29:39,585244.0,585641.0
2020-03-18 03:29:40,585244.0,585641.0
2020-03-18 03:29:41,585244.0,585641.0
2020-03-18 03:29:42,585244.0,585641.0
2020-03-18 03:29:43,585244.0,585641.0
2020-03-18 03:29:44,585244.0,585641.0
2020-03-18 03:29:45,585244.0,585641.0
2020-03-18 03:29:46,584612.0,585050.0
2020-03-18 03:29:47,584612.0,585050.0
2020-03-18 03:29:48,584612.0,585050.0
2020-03-18 03:29:49,584612.0,585050.0
2020-03-18 03:29:51,584612.0,585050.0
2020-03-18 03:29:52,584612.0,585050.0
2020-03-18 03:29:53,584612.0,585050.0
2020-03-18 03:29:54,584612.0,585050.0
2020-03-18 03:29:55,585252.0,585822.0
2020-03-18 03:29:56,585252.0,585822.0
2020-03-18 03:29:57,585252.0,585822.0
2020-03-18 03:29:58,585252.0,585822.0
2020-03-18 03:29:59,585252.0,585822.0
2020-03-18 03:30:00,585252.0,585822.0
2020-03-18 03:30:01,585252.0,585822.0
2020-03-18 03:30:02,585252.0,585822.0
2020-03-18 03:30:04,585252.0,585822.0
2020-03-18 03:30:05,585252.0,585822.0
2020-03-18 03:30:06,585252.0,585822.0
2020-03-18 03:30:07,585252.0,585822.0
2020-03-18 03:30:08,585341.0,585679.0
2020-03-18 03:30:09,585341.0,585679.0
2020-03-18 03:30:11,585341.0,585679.0
2020-03-18 03:30:12,585341.0,585679.0
2020-03-18 03:30:13,585341.0,585679.0
2020-03-18 03:30:14,585341.0,585679.0
2020-03-18 03:30:15,585341.0,585679.0
2020-03-18 03:30:16,585341.0,585679.0
2020-03-18 03:30:17,585341.0,585679.0
2020-03-18 03:30:18,585558.0,586162.0
2020-03-18 03:30:19,585558.0,586162.0
2020-03-18 03:30:20,585558.0,586162.0
2020-03-18 03:30:21,585558.0,586162.0
2020-03-18 03:30:22,585558.0,586162.0
2020-03-18 03:30:23,585558.0,586162.0
2020-03-18 03:30:25,585558.0,586162.0
2020-03-18 03:30:26,585558.0,586162.0
2020-03-18 03:30:27,585558.0,586162.0
2020-03-18 03:30:28,585558.0,586162.0
2020-03-18 03:30:29,585558.0,586162.0
2020-03-18 03:30:30,585676.0,586121.0
2020-03-18 03:30:31,585676.0,586121.0
2020-03-18 03:30:32,585676.0,586121.0
2020-03-18 03:30:33,585676.0,586121.0
2020-03-18 03:30:34,585676.0,586121.0
2020-03-18 03:30:35,585676.0,586121.0
2020-03-18 03:30:36,585676.0,586121.0
2020-03-18 03:30:37,585676.0,586121.0
2020-03-18 03:30:38,586358.0,586655.0
2020-03-18 03:30:39,586358.0,586655.0
2020-03-18 03:30:40,586358.0,586655.0
2020-03-18 03:30:42,586358.0,586655.0
2020-03-18 03:30:43,586358.0,586655.0
2020-03-18 03:30:44,586358.0,586655.0
2020-03-18 03:30:45,586358.0,586655.0
2020-03-18 03:30:46,586358.0,586655.0
2020-03-18 03:30:47,586358.0,586655.0
2020-03-18 03:30:48,586358.0,586655.0
2020-03-18 03:30:49,586764.0,587088.0
2020-03-18 03:30:50,586764.0,587088.0
2020-03-18 03:30:51,586764.0,587088.0
2020-03-18 03:30:52,586764.0,587088.0
2020-03-18 03:30:53,586764.0,587088.0
2020-03-18 03:30:54,586764.0,587088.0
2020-03-18 03:30:55,586764.0,587088.0
2020-03-18 03:30:57,586764.0,587088.0
2020-03-18 03:30:58,586714.0,586717.0
2020-03-18 03:30:59,586714.0,586717.0
2020-03-18 03:31:00,586714.0,586717.0
2020-03-18 03:31:01,586714.0,586717.0
2020-03-18 03:31:02,586714.0,586717.0
2020-03-18 03:31:04,586714.0,586717.0
2020-03-18 03:31:05,587996.0,588276.0
2020-03-18 03:31:06,587996.0,588276.0
2020-03-18 03:31:07,587996.0,588276.0
2020-03-18 03:31:08,587996.0,588276.0
2020-03-18 03:31:09,587996.0,588276.0
2020-03-18 03:31:10,587996.0,588276.0
2020-03-18 03:31:11,587996.0,588276.0
2020-03-18 03:31:12,587996.0,588276.0
2020-03-18 03:31:13,587996.0,588276.0
2020-03-18 03:31:14,587996.0,588276.0
2020-03-18 03:31:16,587623.0,588406.0
2020-03-18 03:31:17,587623.0,588406.0
2020-03-18 03:31:18,587623.0,588406.0
2020-03-18 03:31:19,587623.0,588406.0
2020-03-18 03:31:20,587623.0,588406.0
2020-03-18 03:31:21,587623.0,588406.0
2020-03-18 03:31:22,587623.0,588406.0
2020-03-18 03:31:24,587623.0,588406.0
2020-03-18 03:31:25,587623.0,588406.0
2020-03-18 03:31:26,587623.0,588406.0
2020-03-18 03:31:27,587623.0,588406.0
2020-03-18 03:31:28,587623.0,588406.0
2020-03-18 03:31:29,586305.0,586944.0
2020-03-18 03:31:30,586305.0,586944.0
2020-03-18 03:31:31,586305.0,586944.0
2020-03-18 03:31:32,586305.0,586944.0
2020-03-18 03:31:33,586305.0,586944.0
2020-03-18 03:31:34,586305.0,586944.0
2020-03-18 03:31:35,587017.0,587186.0
2020-03-18 03:31:36,587017.0,587186.0
2020-03-18 03:31:38,587017.0,587186.0
2020-03-18 03:31:39,587017.0,587186.0
2020-03-18 03:31:40,587017.0,587186.0
2020-03-18 03:31:41,587017.0,587186.0
2020-03-18 03:31:42,587017.0,587186.0
2020-03-18 03:31:44,587017.0,587186.0
2020-03-18 03:31:45,587017.0,587186.0
2020-03-18 03:31:46,586939.0,587695.0
2020-03-18 03:31:47,586939.0,587695.0
2020-03-18 03:31:48,586939.0,587695.0
2020-03-18 03:31:49,586939.0,587695.0
2020-03-18 03:31:50,586939.0,587695.0
2020-03-18 03:31:51,586939.0,587695.0
2020-03-18 03:31:52,586939.0,587695.0
2020-03-18 03:31:53,586939.0,587695.0
2020-03-18 03:31:54,586939.0,587695.0
2020-03-18 03:31:55,586939.0,587695.0
2020-03-18 03:31:56,587294.0,587760.0
2020-03-18 03:31:57,587294.0,587760.0
2020-03-18 03:31:59,587294.0,587760.0
2020-03-18 03:32:00,587294.0,587760.0
2020-03-18 03:32:01,587294.0,587760.0
2020-03-18 03:32:02,587294.0,587760.0
2020-03-18 03:32:03,587294.0,587760.0
2020-03-18 03:32:04,587294.0,587760.0
2020-03-18 03:32:05,587294.0,587760.0
2020-03-18 03:32:07,586520.0,586624.0
2020-03-18 03:32:08,586520.0,586624.0
2020-03-18 03:32:09,586520.0,586624.0
2020-03-18 03:32:10,586520.0,586624.0
2020-03-18 03:32:11,586520.0,586624.0
2020-03-18 03:32:12,586520.0,586624.0
2020-03-18 03:32:13,586520.0,586624.0
2020-03-18 03:32:14,586520.0,586624.0
2020-03-18 03:32:15,586520.0,586624.0
2020-03-18 03:32:16,586520.0,586624.0
2020-03-18 03:32:17,586380.0,586585.0
2020-03-18 03:32:18,586380.0,586585.0
2020-03-18 03:32:19,586380.0,586585.0
2020-03-18 03:32:21,586380.0,586585.0
2020-03-18 03:32:22,586380.0,586585.0
2020-03-18 03:32:23,586380.0,586585.0
2020-03-18 03:32:24,586380.0,586585.0
2020-03-18 03:32:25,586380.0,586585.0
2020-03-18 03:32:26,586591.0,587010.0
2020-03-18 03:32:27,586591.0,587010.0
2020-03-18 03:32:28,586591.0,587010.0
2020-03-18 03:32:29,586591.0,587010.0
2020-03-18 03:32:31,586591.0,587010.0
2020-03-18 03:32:32,586591.0,587010.0
2020-03-18 03:32:33,586591.0,587010.0
2020-03-18 03:32:34,586591.0,587010.0
2020-03-18 03:32:35,586591.0,587010.0
2020-03-18 03:32:36,586591.0,587010.0
2020-03-18 03:32:37,586897.0,587011.0
2020-03-18 03:32:38,586897.0,587011.0
2020-03-18 03:32:39,586897.0,587011.0
2020-03-18 03:32:40,586897.0,587011.0
2020-03-18 03:32:41,586897.0,587011.0
2020-03-18 03:32:42,586897.0,587011.0
2020-03-18 03:32:43,586897.0,587011.0
2020-03-18 03:32:44,586897.0,587011.0
2020-03-18 03:32:46,586897.0,587011.0
2020-03-18 03:32:47,586897.0,587011.0
2020-03-18 03:32:48,586897.0,587011.0
2020-03-18 03:32:49,586897.0,587011.0
2020-03-18 03:32:50,586897.0,587011.0
2020-03-18 03:32:51,588419.0,588706.0
2020-03-18 03:32:52,588419.0,588706.0
2020-03-18 03:32:53,588419.0,588706.0
2020-03-18 03:32:54,588419.0,588706.0
2020-03-18 03:32:55,588419.0,588706.0
2020-03-18 03:32:56,588419.0,588706.0
2020-03-18 03:32:57,588660.0,588994.0
2020-03-18 03:32:58,588660.0,588994.0
2020-03-18 03:32:59,588660.0,588994.0
2020-03-18 03:33:00,588660.0,588994.0
2020-03-18 03:33:02,588660.0,588994.0
2020-03-18 03:33:03,588660.0,588994.0
2020-03-18 03:33:04,588660.0,588994.0
2020-03-18 03:33:05,587910.0,588486.0
2020-03-18 03:33:06,587910.0,588486.0
2020-03-18 03:33:07,587910.0,588486.0
2020-03-18 03:33:08,587910.0,588486.0
2020-03-18 03:33:10,587910.0,588486.0
2020-03-18 03:33:11,587910.0,588486.0
2020-03-18 03:33:12,587910.0,588486.0
2020-03-18 03:33:13,587910.0,588486.0
2020-03-18 03:33:14,587910.0,588486.0
2020-03-18 03:33:15,587820.0,588384.0
2020-03-18 03:33:16,587820.0,588384.0
2020-03-18 03:33:17,587820.0,588384.0
2020-03-18 03:33:18,587820.0,588384.0
2020-03-18 03:33:19,587820.0,588384.0
2020-03-18 03:33:20,587820.0,588384.0
2020-03-18 03:33:21,587820.0,588384.0
2020-03-18 03:33:22,587820.0,588384.0
2020-03-18 03:33:23,587820.0,588384.0
2020-03-18 03:33:24,587820.0,588384.0
2020-03-18 03:33:26,587820.0,588384.0
2020-03-18 03:33:27,587572.0,587851.0
2020-03-18 03:33:28,587572.0,587851.0
2020-03-18 03:33:29,587572.0,587851.0
2020-03-18 03:33:30,587572.0,587851.0
2020-03-18 03:33:31,587572.0,587851.0
2020-03-18 03:33:32,587572.0,587851.0
2020-03-18 03:33:33,587572.0,587851.0
2020-03-18 03:33:34,587572.0,587851.0
2020-03-18 03:33:35,587926.0,588161.0
2020-03-18 03:33:36,587926.0,588161.0
2020-03-18 03:33:37,587926.0,588161.0
2020-03-18 03:33:38,587926.0,588161.0
2020-03-18 03:33:39,587926.0,588161.0
2020-03-18 03:33:40,587926.0,588161.0
2020-03-18 03:33:41,587926.0,588161.0
2020-03-18 03:33:43,587926.0,588161.0
2020-03-18 03:33:44,587926.0,588161.0
2020-03-18 03:33:45,587926.0,588161.0
2020-03-18 03:33:46,587926.0,588161.0
2020-03-18 03:33:47,586843.0,587158.0
2020-03-18 03:33:48,586843.0,587158.0
2020-03-18 03:33:49,586843.0,587158.0
2020-03-18 03:33:50,586843.0,587158.0
2020-03-18 03:33:51,586843.0,587158.0
2020-03-18 03:33:52,586843.0,587158.0
2020-03-18 03:33:54,586843.0,587158.0
2020-03-18 03:33:55,587285.0,587785.0
2020-03-18 03:33:56,587285.0,587785.0
2020-03-18 03:33:57,587285.0,587785.0
2020-03-18 03:33:58,587285.0,587785.0
2020-03-18 03:33:59,587285.0,587785.0
2020-03-18 03:34:00,587285.0,587785.0
2020-03-18 03:34:01,587285.0,587785.0
2020-03-18 03:34:02,587285.0,587785.0
2020-03-18 03:34:03,587285.0,587785.0
2020-03-18 03:34:05,587285.0,587785.0
2020-03-18 03:34:06,588165.0,588619.0
2020-03-18 03:34:07,588165.0,588619.0
2020-03-18 03:34:08,588165.0,588619.0
2020-03-18 03:34:09,588165.0,588619.0
2020-03-18 03:34:10,588165.0,588619.0
2020-03-18 03:34:11,588165.0,588619.0
2020-03-18 03:34:12,588165.0,588619.0
2020-03-18 03:34:13,588165.0,588619.0
2020-03-18 03:34:15,587357.0,587677.0
2020-03-18 03:34:16,587357.0,587677.0
2020-03-18 03:34:17,587357.0,587677.0
2020-03-18 03:34:18,587357.0,587677.0
2020-03-18 03:34:19,587357.0,587677.0
2020-03-18 03:34:20,587357.0,587677.0
2020-03-18 03:34:21,587357.0,587677.0
2020-03-18 03:34:22,587357.0,587677.0
2020-03-18 03:34:23,587357.0,587677.0
2020-03-18 03:34:25,587357.0,587677.0
2020-03-18 03:34:26,587357.0,587677.0
2020-03-18 03:34:27,588225.0,588575.0
2020-03-18 03:34:28,588225.0,588575.0
2020-03-18 03:34:29,588225.0,588575.0
2020-03-18 03:34:30,588225.0,588575.0
2020-03-18 03:34:31,588225.0,588575.0
2020-03-18 03:34:32,588225.0,588575.0
2020-03-18 03:34:33,588225.0,588575.0
2020-03-18 03:34:34,588225.0,588575.0
2020-03-18 03:34:35,588225.0,588575.0
2020-03-18 03:34:36,588225.0,588575.0
2020-03-18 03:34:38,588225.0,588575.0
2020-03-18 03:34:39,587499.0,588064.0
2020-03-18 03:34:40,587499.0,588064.0
2020-03-18 03:34:41,587499.0,588064.0
2020-03-18 03:34:42,587499.0,588064.0
2020-03-18 03:34:43,587499.0,588064.0
2020-03-18 03:34:44,587499.0,588064.0
2020-03-18 03:34:45,587499.0,588064.0
2020-03-18 03:34:46,587770.0,588339.0
2020-03-18 03:34:47,587770.0,588339.0
2020-03-18 03:34:48,587770.0,588339.0
2020-03-18 03:34:49,587770.0,588339.0
2020-03-18 03:34:50,587770.0,588339.0
2020-03-18 03:34:51,587770.0,588339.0
2020-03-18 03:34:52,587770.0,588339.0
2020-03-18 03:34:54,587770.0,588339.0
2020-03-18 03:34:55,587770.0,588339.0
2020-03-18 03:34:56,587010.0,587525.0
2020-03-18 03:34:57,587010.0,587525.0
2020-03-18 03:34:58,587010.0,587525.0
2020-03-18 03:34:59,587010.0,587525.0
2020-03-18 03:35:00,587010.0,587525.0
2020-03-18 03:35:01,587010.0,587525.0
2020-03-18 03:35:02,587010.0,587525.0
2020-03-18 03:35:03,587010.0,587525.0
2020-03-18 03:35:04,587010.0,587525.0
2020-03-18 03:35:05,586317.0,586811.0
2020-03-18 03:35:06,586317.0,586811.0
2020-03-18 03:35:07,586317.0,586811.0
2020-03-18 03:35:09,586317.0,586811.0
2020-03-18 03:35:10,586317.0,586811.0
2020-03-18 03:35:11,586317.0,586811.0
2020-03-18 03:35:12,586317.0,586811.0
2020-03-18 03:35:13,586317.0,586811.0
2020-03-18 03:35:14,586317.0,586811.0
2020-03-18 03:35:15,586317.0,586811.0
2020-03-18 03:35:16,586317.0,586811.0
2020-03-18 03:35:17,586479.0,586977.0
2020-03-18 03:35:18,586479.0,586977.0
2020-03-18 03:35:19,586479.0,586977.0
2020-03-18 03:35:20,586479.0,586977.0
2020-03-18 03:35:21,586479.0,586977.0
2020-03-18 03:35:23,586479.0,586977.0
2020-03-18 03:35:24,586479.0,586977.0
2020-03-18 03:35:25,586479.0,586977.0
2020-03-18 03:35:26,586479.0,586977.0
2020-03-18 03:35:27,586479.0,586977.0
2020-03-18 03:35:28,586479.0,586977.0
2020-03-18 03:35:29,586479.0,586977.0
2020-03-18 03:35:30,586479.0,586977.0
2020-03-18 03:35:31,587317.0,588014.0
2020-03-18 03:35:32,587317.0,588014.0
2020-03-18 03:35:33,587317.0,588014.0
2020-03-18 03:35:34,587317.0,588014.0
2020-03-18 03:35:35,587317.0,588014.0
2020-03-18 03:35:36,587317.0,588014.0
2020-03-18 03:35:37,587548.0,588307.0
2020-03-18 03:35:39,587548.0,588307.0
2020-03-18 03:35:40,587548.0,588307.0
2020-03-18 03:35:41,587548.0,588307.0
2020-03-18 03:35:43,587548.0,588307.0
2020-03-18 03:35:44,587548.0,588307.0
2020-03-18 03:35:45,587548.0,588307.0
2020-03-18 03:35:46,587548.0,588307.0
2020-03-18 03:35:47,588127.0,588612.0
2020-03-18 03:35:48,588127.0,588612.0
2020-03-18 03:35:49,588127.0,588612.0
2020-03-18 03:35:50,588127.0,588612.0
2020-03-18 03:35:51,588127.0,588612.0
2020-03-18 03:35:53,588127.0,588612.0
2020-03-18 03:35:54,588127.0,588612.0
2020-03-18 03:35:55,588127.0,588612.0
2020-03-18 03:35:56,588127.0,588612.0
2020-03-18 03:35:57,588434.0,588991.0
2020-03-18 03:35:58,588434.0,588991.0
2020-03-18 03:35:59,588434.0,588991.0
2020-03-18 03:36:00,588434.0,588991.0
2020-03-18 03:36:01,588434.0,588991.0
2020-03-18 03:36:02,588434.0,588991.0
2020-03-18 03:36:03,588434.0,588991.0
2020-03-18 03:36:04,588434.0,588991.0
2020-03-18 03:36:05,588368.0,588942.0
2020-03-18 03:36:07,588368.0,588942.0
2020-03-18 03:36:08,588368.0,588942.0
2020-03-18 03:36:09,588368.0,588942.0
2020-03-18 03:36:10,588368.0,588942.0
2020-03-18 03:36:12,588368.0,588942.0
2020-03-18 03:36:13,588368.0,588942.0
2020-03-18 03:36:14,588368.0,588942.0
2020-03-18 03:36:15,588368.0,588942.0
2020-03-18 03:36:16,587347.0,588042.0
2020-03-18 03:36:17,587347.0,588042.0
2020-03-18 03:36:18,587347.0,588042.0
2020-03-18 03:36:20,587347.0,588042.0
2020-03-18 03:36:21,587347.0,588042.0
2020-03-18 03:36:22,587347.0,588042.0
2020-03-18 03:36:23,587347.0,588042.0
2020-03-18 03:36:24,587347.0,588042.0
2020-03-18 03:36:25,587868.0,588000.0
2020-03-18 03:36:26,587868.0,588000.0
2020-03-18 03:36:27,587868.0,588000.0
2020-03-18 03:36:28,587868.0,588000.0
2020-03-18 03:36:29,587868.0,588000.0
2020-03-18 03:36:30,587868.0,588000.0
2020-03-18 03:36:31,587868.0,588000.0
2020-03-18 03:36:32,587868.0,588000.0
2020-03-18 03:36:33,587868.0,588000.0
2020-03-18 03:36:34,587868.0,588000.0
2020-03-18 03:36:35,587868.0,588000.0
2020-03-18 03:36:37,588155.0,588548.0
2020-03-18 03:36:38,588155.0,588548.0
2020-03-18 03:36:39,588155.0,588548.0
2020-03-18 03:36:40,588155.0,588548.0
2020-03-18 03:36:41,588155.0,588548.0
2020-03-18 03:36:42,588155.0,588548.0
2020-03-18 03:36:43,588155.0,588548.0
2020-03-18 03:36:44,588155.0,588548.0
2020-03-18 03:36:46,588155.0,588548.0
2020-03-18 03:36:47,588155.0,588548.0
2020-03-18 03:36:48,588595.0,588852.0
2020-03-18 03:36:49,588595.0,588852.0
2020-03-18 03:36:50,588595.0,588852.0
2020-03-18 03:36:51,588595.0,588852.0
2020-03-18 03:36:52,588595.0,588852.0
2020-03-18 03:36:53,588595.0,588852.0
2020-03-18 03:36:54,588595.0,588852.0
2020-03-18 03:36:55,588595.0,588852.0
2020-03-18 03:36:57,587947.0,588538.0
2020-03-18 03:36:58,587947.0,588538.0
2020-03-18 03:36:59,587947.0,588538.0
2020-03-18 03:37:00,587947.0,588538.0
2020-03-18 03:37:01,587947.0,588538.0
2020-03-18 03:37:02,587947.0,588538.0
2020-03-18 03:37:03,587947.0,588538.0
2020-03-18 03:37:04,587947.0,588538.0
2020-03-18 03:37:05,588068.0,588628.0
2020-03-18 03:37:06,588068.0,588628.0
2020-03-18 03:37:07,588068.0,588628.0
2020-03-18 03:37:08,588068.0,588628.0
2020-03-18 03:37:09,588068.0,588628.0
2020-03-18 03:37:10,588068.0,588628.0
2020-03-18 03:37:11,588068.0,588628.0
2020-03-18 03:37:13,588068.0,588628.0
2020-03-18 03:37:14,588068.0,588628.0
2020-03-18 03:37:15,587798.0,588481.0
2020-03-18 03:37:16,587798.0,588481.0
2020-03-18 03:37:17,587798.0,588481.0
2020-03-18 03:37:18,587798.0,588481.0
2020-03-18 03:37:19,587798.0,588481.0
2020-03-18 03:37:20,587798.0,588481.0
2020-03-18 03:37:21,587798.0,588481.0
2020-03-18 03:37:22,587798.0,588481.0
2020-03-18 03:37:23,587798.0,588481.0
2020-03-18 03:37:24,587798.0,588481.0
2020-03-18 03:37:25,587798.0,588481.0
2020-03-18 03:37:26,587798.0,588481.0
2020-03-18 03:37:27,588385.0,588648.0
2020-03-18 03:37:29,588385.0,588648.0
2020-03-18 03:37:30,588385.0,588648.0
2020-03-18 03:37:31,588385.0,588648.0
2020-03-18 03:37:32,588385.0,588648.0
2020-03-18 03:37:33,588385.0,588648.0
2020-03-18 03:37:34,588385.0,588648.0
2020-03-18 03:37:35,587811.0,587850.0
2020-03-18 03:37:36,587811.0,587850.0
2020-03-18 03:37:37,587811.0,587850.0
2020-03-18 03:37:38,587811.0,587850.0
2020-03-18 03:37:39,587811.0,587850.0
2020-03-18 03:37:40,587811.0,587850.0
2020-03-18 03:37:41,587811.0,587850.0
2020-03-18 03:37:43,587811.0,587850.0
2020-03-18 03:37:44,587811.0,587850.0
2020-03-18 03:37:45,587337.0,587954.0
2020-03-18 03:37:46,587337.0,587954.0
2020-03-18 03:37:47,587337.0,587954.0
2020-03-18 03:37:48,587337.0,587954.0
2020-03-18 03:37:49,587337.0,587954.0
2020-03-18 03:37:50,587337.0,587954.0
2020-03-18 03:37:51,587337.0,587954.0
2020-03-18 03:37:52,587337.0,587954.0
2020-03-18 03:37:53,587337.0,587954.0
2020-03-18 03:37:54,587337.0,587954.0
2020-03-18 03:37:55,587337.0,587954.0
2020-03-18 03:37:56,587337.0,587954.0
2020-03-18 03:37:58,587337.0,587954.0
2020-03-18 03:37:59,587689.0,588023.0
2020-03-18 03:38:00,587689.0,588023.0
2020-03-18 03:38:01,587689.0,588023.0
2020-03-18 03:38:02,587689.0,588023.0
2020-03-18 03:38:03,587689.0,588023.0
2020-03-18 03:38:04,587689.0,588023.0
2020-03-18 03:38:05,587689.0,588023.0
2020-03-18 03:38:06,587959.0,588238.0
2020-03-18 03:38:07,587959.0,588238.0
2020-03-18 03:38:08,587959.0,588238.0
2020-03-18 03:38:09,587959.0,588238.0
2020-03-18 03:38:10,587959.0,588238.0
2020-03-18 03:38:11,587959.0,588238.0
2020-03-18 03:38:12,587959.0,588238.0
2020-03-18 03:38:14,587959.0,588238.0
2020-03-18 03:38:15,587959.0,588238.0
2020-03-18 03:38:16,587210.0,587583.0
2020-03-18 03:38:17,587210.0,587583.0
2020-03-18 03:38:18,587210.0,587583.0
2020-03-18 03:38:19,587210.0,587583.0
2020-03-18 03:38:20,587210.0,587583.0
2020-03-18 03:38:21,587210.0,587583.0
2020-03-18 03:38:22,587210.0,587583.0
2020-03-18 03:38:23,587210.0,587583.0
2020-03-18 03:38:24,587210.0,587583.0
2020-03-18 03:38:25,587210.0,587583.0
2020-03-18 03:38:26,587179.0,587878.0
2020-03-18 03:38:27,587179.0,587878.0
2020-03-18 03:38:29,587179.0,587878.0
2020-03-18 03:38:30,587179.0,587878.0
2020-03-18 03:38:31,587179.0,587878.0
2020-03-18 03:38:32,587179.0,587878.0
2020-03-18 03:38:33,587179.0,587878.0
2020-03-18 03:38:34,587179.0,587878.0
2020-03-18 03:38:35,587179.0,587878.0
2020-03-18 03:38:36,586660.0,587150.0
2020-03-18 03:38:37,586660.0,587150.0
2020-03-18 03:38:38,586660.0,587150.0
2020-03-18 03:38:39,586660.0,587150.0
2020-03-18 03:38:40,586660.0,587150.0
2020-03-18 03:38:41,586660.0,587150.0
2020-03-18 03:38:42,586660.0,587150.0
2020-03-18 03:38:43,586660.0,587150.0
2020-03-18 03:38:44,586660.0,587150.0
2020-03-18 03:38:46,586660.0,587150.0
2020-03-18 03:38:47,587199.0,587907.0
2020-03-18 03:38:48,587199.0,587907.0
2020-03-18 03:38:49,587199.0,587907.0
2020-03-18 03:38:50,587199.0,587907.0
2020-03-18 03:38:51,587199.0,587907.0
2020-03-18 03:38:52,587199.0,587907.0
2020-03-18 03:38:53,587199.0,587907.0
2020-03-18 03:38:54,587199.0,587907.0
2020-03-18 03:38:55,587199.0,587907.0
2020-03-18 03:38:56,586988.0,587361.0
2020-03-18 03:38:57,586988.0,587361.0
2020-03-18 03:38:58,586988.0,587361.0
2020-03-18 03:38:59,586988.0,587361.0
2020-03-18 03:39:00,586988.0,587361.0
2020-03-18 03:39:02,586988.0,587361.0
2020-03-18 03:39:03,586988.0,587361.0
2020-03-18 03:39:04,586988.0,587361.0
2020-03-18 03:39:05,586153.0,586556.0
2020-03-18 03:39:06,586153.0,586556.0
2020-03-18 03:39:07,586153.0,586556.0
2020-03-18 03:39:08,586153.0,586556.0
2020-03-18 03:39:09,586153.0,586556.0
2020-03-18 03:39:10,586153.0,586556.0
2020-03-18 03:39:11,586153.0,586556.0
2020-03-18 03:39:12,586153.0,586556.0
2020-03-18 03:39:13,586153.0,586556.0
2020-03-18 03:39:14,586153.0,586556.0
2020-03-18 03:39:16,586156.0,586939.0
2020-03-18 03:39:17,586156.0,586939.0
2020-03-18 03:39:18,586156.0,586939.0
2020-03-18 03:39:19,586156.0,586939.0
2020-03-18 03:39:20,586156.0,586939.0
2020-03-18 03:39:21,586156.0,586939.0
2020-03-18 03:39:22,586156.0,586939.0
2020-03-18 03:39:23,586156.0,586939.0
2020-03-18 03:39:24,586156.0,586939.0
2020-03-18 03:39:25,586156.0,586939.0
2020-03-18 03:39:26,586156.0,586939.0
2020-03-18 03:39:27,586437.0,586734.0
2020-03-18 03:39:28,586437.0,586734.0
2020-03-18 03:39:30,586437.0,586734.0
2020-03-18 03:39:31,586437.0,586734.0
2020-03-18 03:39:32,586437.0,586734.0
2020-03-18 03:39:33,586437.0,586734.0
2020-03-18 03:39:34,586437.0,586734.0
2020-03-18 03:39:35,587277.0,587373.0
2020-03-18 03:39:36,587277.0,587373.0
2020-03-18 03:39:37,587277.0,587373.0
2020-03-18 03:39:38,587277.0,587373.0
2020-03-18 03:39:39,587277.0,587373.0
2020-03-18 03:39:40,587277.0,587373.0
2020-03-18 03:39:41,587277.0,587373.0
2020-03-18 03:39:42,587277.0,587373.0
2020-03-18 03:39:43,587277.0,587373.0
2020-03-18 03:39:44,587277.0,587373.0
2020-03-18 03:39:46,587200.0,587595.0
2020-03-18 03:39:47,587200.0,587595.0
2020-03-18 03:39:48,587200.0,587595.0
2020-03-18 03:39:49,587200.0,587595.0
2020-03-18 03:39:50,587200.0,587595.0
2020-03-18 03:39:51,587200.0,587595.0
2020-03-18 03:39:52,587200.0,587595.0
2020-03-18 03:39:53,587200.0,587595.0
2020-03-18 03:39:54,587200.0,587595.0
2020-03-18 03:39:55,587252.0,587999.0
2020-03-18 03:39:56,587252.0,587999.0
2020-03-18 03:39:57,587252.0,587999.0
2020-03-18 03:39:58,587252.0,587999.0
2020-03-18 03:39:59,587252.0,587999.0
2020-03-18 03:40:00,587252.0,587999.0
2020-03-18 03:40:02,587252.0,587999.0
2020-03-18 03:40:03,587252.0,587999.0
2020-03-18 03:40:04,587252.0,587999.0
2020-03-18 03:40:05,587252.0,587999.0
2020-03-18 03:40:06,587252.0,587999.0
2020-03-18 03:40:07,587352.0,587882.0
2020-03-18 03:40:08,587352.0,587882.0
2020-03-18 03:40:09,587352.0,587882.0
2020-03-18 03:40:10,587352.0,587882.0
2020-03-18 03:40:11,587352.0,587882.0
2020-03-18 03:40:12,587352.0,587882.0
2020-03-18 03:40:13,587352.0,587882.0
2020-03-18 03:40:14,587352.0,587882.0
2020-03-18 03:40:15,587352.0,587882.0
2020-03-18 03:40:17,587352.0,587882.0
2020-03-18 03:40:18,586501.0,586920.0
2020-03-18 03:40:19,586501.0,586920.0
2020-03-18 03:40:20,586501.0,586920.0
2020-03-18 03:40:21,586501.0,586920.0
2020-03-18 03:40:22,586501.0,586920.0
2020-03-18 03:40:23,586501.0,586920.0
2020-03-18 03:40:24,586501.0,586920.0
2020-03-18 03:40:25,586501.0,586920.0
2020-03-18 03:40:26,586501.0,586920.0
2020-03-18 03:40:27,586501.0,586920.0
2020-03-18 03:40:28,586501.0,586920.0
2020-03-18 03:40:29,586641.0,587047.0
2020-03-18 03:40:30,586641.0,587047.0
2020-03-18 03:40:31,586641.0,587047.0
2020-03-18 03:40:33,586641.0,587047.0
2020-03-18 03:40:34,586641.0,587047.0
2020-03-18 03:40:35,586641.0,587047.0
2020-03-18 03:40:36,586641.0,587047.0
2020-03-18 03:40:37,586641.0,587047.0
2020-03-18 03:40:38,586502.0,586668.0
2020-03-18 03:40:39,586502.0,586668.0
2020-03-18 03:40:40,586502.0,586668.0
2020-03-18 03:40:41,586502.0,586668.0
2020-03-18 03:40:42,586502.0,586668.0
2020-03-18 03:40:43,586502.0,586668.0
2020-03-18 03:40:44,586502.0,586668.0
2020-03-18 03:40:45,586502.0,586668.0
2020-03-18 03:40:46,586502.0,586668.0
2020-03-18 03:40:48,586502.0,586668.0
2020-03-18 03:40:49,586502.0,586668.0
2020-03-18 03:40:50,586502.0,586668.0
2020-03-18 03:40:51,586502.0,586668.0
2020-03-18 03:40:52,586502.0,586668.0
2020-03-18 03:40:53,586502.0,586668.0
2020-03-18 03:40:54,586502.0,586668.0
2020-03-18 03:40:55,586502.0,586668.0
2020-03-18 03:40:56,586502.0,586668.0
2020-03-18 03:40:57,586502.0,586668.0
2020-03-18 03:40:58,586502.0,586668.0
2020-03-18 03:40:59,587203.0,587417.0
2020-03-18 03:41:00,587203.0,587417.0
2020-03-18 03:41:01,587203.0,587417.0
2020-03-18 03:41:03,587203.0,587417.0
2020-03-18 03:41:04,587203.0,587417.0
2020-03-18 03:41:05,587474.0,587859.0
2020-03-18 03:41:06,587474.0,587859.0
2020-03-18 03:41:07,587474.0,587859.0
2020-03-18 03:41:08,587474.0,587859.0
2020-03-18 03:41:09,587474.0,587859.0
2020-03-18 03:41:10,587474.0,587859.0
2020-03-18 03:41:11,587474.0,587859.0
2020-03-18 03:41:12,587474.0,587859.0
2020-03-18 03:41:13,587474.0,587859.0
2020-03-18 03:41:14,587474.0,587859.0
2020-03-18 03:41:15,587474.0,587859.0
2020-03-18 03:41:16,587225.0,587748.0
2020-03-18 03:41:17,587225.0,587748.0
2020-03-18 03:41:19,587225.0,587748.0
2020-03-18 03:41:20,587225.0,587748.0
2020-03-18 03:41:21,587225.0,587748.0
2020-03-18 03:41:22,587225.0,587748.0
2020-03-18 03:41:23,587225.0,587748.0
2020-03-18 03:41:24,587225.0,587748.0
2020-03-18 03:41:25,587225.0,587748.0
2020-03-18 03:41:26,587193.0,587707.0
2020-03-18 03:41:27,587193.0,587707.0
2020-03-18 03:41:28,587193.0,587707.0
2020-03-18 03:41:29,587193.0,587707.0
2020-03-18 03:41:30,587193.0,587707.0
2020-03-18 03:41:31,587193.0,587707.0
2020-03-18 03:41:32,587193.0,587707.0
2020-03-18 03:41:34,587193.0,587707.0
2020-03-18 03:41:35,587243.0,587656.0
2020-03-18 03:41:36,587243.0,587656.0
2020-03-18 03:41:37,587243.0,587656.0
2020-03-18 03:41:38,587243.0,587656.0
2020-03-18 03:41:39,587243.0,587656.0
2020-03-18 03:41:40,587243.0,587656.0
2020-03-18 03:41:41,587243.0,587656.0
2020-03-18 03:41:42,587243.0,587656.0
2020-03-18 03:41:43,587243.0,587656.0
2020-03-18 03:41:44,587243.0,587656.0
2020-03-18 03:41:45,587476.0,587990.0
2020-03-18 03:41:46,587476.0,587990.0
2020-03-18 03:41:47,587476.0,587990.0
2020-03-18 03:41:49,587476.0,587990.0
2020-03-18 03:41:50,587476.0,587990.0
2020-03-18 03:41:51,587476.0,587990.0
2020-03-18 03:41:52,587476.0,587990.0
2020-03-18 03:41:53,587476.0,587990.0
2020-03-18 03:41:54,587476.0,587990.0
2020-03-18 03:41:55,587788.0,588435.0
2020-03-18 03:41:56,587788.0,588435.0
2020-03-18 03:41:57,587788.0,588435.0
2020-03-18 03:41:58,587788.0,588435.0
2020-03-18 03:41:59,587788.0,588435.0
2020-03-18 03:42:00,587788.0,588435.0
2020-03-18 03:42:02,587788.0,588435.0
2020-03-18 03:42:03,587788.0,588435.0
2020-03-18 03:42:04,587788.0,588435.0
2020-03-18 03:42:05,588072.0,588614.0
2020-03-18 03:42:06,588072.0,588614.0
2020-03-18 03:42:07,588072.0,588614.0
2020-03-18 03:42:08,588072.0,588614.0
2020-03-18 03:42:09,588072.0,588614.0
2020-03-18 03:42:10,588072.0,588614.0
2020-03-18 03:42:11,588072.0,588614.0
2020-03-18 03:42:12,588072.0,588614.0
2020-03-18 03:42:13,588072.0,588614.0
2020-03-18 03:42:14,588072.0,588614.0
2020-03-18 03:42:16,588022.0,588751.0
2020-03-18 03:42:17,588022.0,588751.0
2020-03-18 03:42:18,588022.0,588751.0
2020-03-18 03:42:19,588022.0,588751.0
2020-03-18 03:42:20,588022.0,588751.0
2020-03-18 03:42:21,588022.0,588751.0
2020-03-18 03:42:22,588022.0,588751.0
2020-03-18 03:42:23,588022.0,588751.0
2020-03-18 03:42:24,588022.0,588751.0
2020-03-18 03:42:25,588022.0,588751.0
2020-03-18 03:42:26,588022.0,588751.0
2020-03-18 03:42:27,587934.0,588512.0
2020-03-18 03:42:29,587934.0,588512.0
2020-03-18 03:42:30,587934.0,588512.0
2020-03-18 03:42:31,587934.0,588512.0
2020-03-18 03:42:32,587934.0,588512.0
2020-03-18 03:42:33,587934.0,588512.0
2020-03-18 03:42:34,587934.0,588512.0
2020-03-18 03:42:35,587934.0,588512.0
2020-03-18 03:42:36,587934.0,588512.0
2020-03-18 03:42:37,587934.0,588512.0
2020-03-18 03:42:38,587397.0,587785.0
2020-03-18 03:42:39,587397.0,587785.0
2020-03-18 03:42:40,587397.0,587785.0
2020-03-18 03:42:41,587397.0,587785.0
2020-03-18 03:42:42,587397.0,587785.0
2020-03-18 03:42:44,587397.0,587785.0
2020-03-18 03:42:45,587397.0,587785.0
2020-03-18 03:42:46,587139.0,587638.0
2020-03-18 03:42:47,587139.0,587638.0
2020-03-18 03:42:48,587139.0,587638.0
2020-03-18 03:42:49,587139.0,587638.0
2020-03-18 03:42:50,587139.0,587638.0
2020-03-18 03:42:51,587139.0,587638.0
2020-03-18 03:42:52,587139.0,587638.0
2020-03-18 03:42:53,587139.0,587638.0
2020-03-18 03:42:54,587139.0,587638.0
2020-03-18 03:42:55,587139.0,587638.0
2020-03-18 03:42:56,586992.0,587544.0
2020-03-18 03:42:57,586992.0,587544.0
2020-03-18 03:42:59,586992.0,587544.0
2020-03-18 03:43:00,586992.0,587544.0
2020-03-18 03:43:01,586992.0,587544.0
2020-03-18 03:43:02,586992.0,587544.0
2020-03-18 03:43:03,586992.0,587544.0
2020-03-18 03:43:04,586992.0,587544.0
2020-03-18 03:43:05,586899.0,587235.0
2020-03-18 03:43:06,586899.0,587235.0
2020-03-18 03:43:07,586899.0,587235.0
2020-03-18 03:43:08,586899.0,587235.0
2020-03-18 03:43:09,586899.0,587235.0
2020-03-18 03:43:10,586899.0,587235.0
2020-03-18 03:43:11,586899.0,587235.0
2020-03-18 03:43:12,586899.0,587235.0
2020-03-18 03:43:13,586899.0,587235.0
2020-03-18 03:43:15,586899.0,587235.0
2020-03-18 03:43:16,586899.0,587235.0
2020-03-18 03:43:17,586710.0,587092.0
2020-03-18 03:43:18,586710.0,587092.0
2020-03-18 03:43:19,586710.0,587092.0
2020-03-18 03:43:20,586710.0,587092.0
2020-03-18 03:43:21,586710.0,587092.0
2020-03-18 03:43:22,586710.0,587092.0
2020-03-18 03:43:23,586710.0,587092.0
2020-03-18 03:43:24,586710.0,587092.0
2020-03-18 03:43:25,586710.0,587092.0
2020-03-18 03:43:26,586710.0,587092.0
2020-03-18 03:43:27,586412.0,587014.0
2020-03-18 03:43:29,586412.0,587014.0
2020-03-18 03:43:30,586412.0,587014.0
2020-03-18 03:43:31,586412.0,587014.0
2020-03-18 03:43:32,586412.0,587014.0
2020-03-18 03:43:33,586412.0,587014.0
2020-03-18 03:43:34,586412.0,587014.0
2020-03-18 03:43:35,586435.0,586768.0
2020-03-18 03:43:36,586435.0,586768.0
2020-03-18 03:43:37,586435.0,586768.0
2020-03-18 03:43:38,586435.0,586768.0
2020-03-18 03:43:39,586435.0,586768.0
2020-03-18 03:43:40,586435.0,586768.0
2020-03-18 03:43:41,586435.0,586768.0
2020-03-18 03:43:42,586435.0,586768.0
2020-03-18 03:43:43,586435.0,586768.0
2020-03-18 03:43:45,586435.0,586768.0
2020-03-18 03:43:46,586435.0,586768.0
2020-03-18 03:43:47,586435.0,586768.0
2020-03-18 03:43:48,587172.0,587549.0
2020-03-18 03:43:49,587172.0,587549.0
2020-03-18 03:43:50,587172.0,587549.0
2020-03-18 03:43:51,587172.0,587549.0
2020-03-18 03:43:52,587172.0,587549.0
2020-03-18 03:43:53,587172.0,587549.0
2020-03-18 03:43:54,587172.0,587549.0
2020-03-18 03:43:55,587172.0,587549.0
2020-03-18 03:43:56,587172.0,587549.0
2020-03-18 03:43:57,587440.0,587864.0
2020-03-18 03:43:58,587440.0,587864.0
2020-03-18 03:44:00,587440.0,587864.0
2020-03-18 03:44:01,587440.0,587864.0
2020-03-18 03:44:02,587440.0,587864.0
2020-03-18 03:44:03,587440.0,587864.0
2020-03-18 03:44:04,587440.0,587864.0
2020-03-18 03:44:05,586932.0,587553.0
2020-03-18 03:44:06,586932.0,587553.0
2020-03-18 03:44:07,586932.0,587553.0
2020-03-18 03:44:08,586932.0,587553.0
2020-03-18 03:44:09,586932.0,587553.0
2020-03-18 03:44:10,586932.0,587553.0
2020-03-18 03:44:11,586932.0,587553.0
2020-03-18 03:44:12,586932.0,587553.0
2020-03-18 03:44:13,586932.0,587553.0
2020-03-18 03:44:15,586932.0,587553.0
2020-03-18 03:44:16,586500.0,586965.0
2020-03-18 03:44:17,586500.0,586965.0
2020-03-18 03:44:18,586500.0,586965.0
2020-03-18 03:44:19,586500.0,586965.0
2020-03-18 03:44:20,586500.0,586965.0
2020-03-18 03:44:21,586500.0,586965.0
2020-03-18 03:44:22,586500.0,586965.0
2020-03-18 03:44:23,586500.0,586965.0
2020-03-18 03:44:24,586500.0,586965.0
2020-03-18 03:44:25,586500.0,586965.0
2020-03-18 03:44:26,586500.0,586901.0
2020-03-18 03:44:27,586500.0,586901.0
2020-03-18 03:44:28,586500.0,586901.0
2020-03-18 03:44:30,586500.0,586901.0
2020-03-18 03:44:31,586500.0,586901.0
2020-03-18 03:44:32,586500.0,586901.0
2020-03-18 03:44:33,586500.0,586901.0
2020-03-18 03:44:34,586500.0,586901.0
2020-03-18 03:44:35,586500.0,586901.0
2020-03-18 03:44:36,586500.0,586901.0
2020-03-18 03:44:37,586500.0,586901.0
2020-03-18 03:44:38,586500.0,586901.0
2020-03-18 03:44:39,586028.0,586479.0
2020-03-18 03:44:40,586028.0,586479.0
2020-03-18 03:44:41,586028.0,586479.0
2020-03-18 03:44:43,586028.0,586479.0
2020-03-18 03:44:44,586028.0,586479.0
2020-03-18 03:44:45,586028.0,586479.0
2020-03-18 03:44:46,586028.0,586479.0
2020-03-18 03:44:47,584092.0,584855.0
2020-03-18 03:44:49,584092.0,584855.0
2020-03-18 03:44:50,584092.0,584855.0
2020-03-18 03:44:51,584092.0,584855.0
2020-03-18 03:44:52,584092.0,584855.0
2020-03-18 03:44:53,584092.0,584855.0
2020-03-18 03:44:54,584092.0,584855.0
2020-03-18 03:44:55,584092.0,584855.0
2020-03-18 03:44:56,585223.0,585696.0
2020-03-18 03:44:57,585223.0,585696.0
2020-03-18 03:44:58,585223.0,585696.0
2020-03-18 03:45:00,585223.0,585696.0
2020-03-18 03:45:01,585223.0,585696.0
2020-03-18 03:45:02,585223.0,585696.0
2020-03-18 03:45:03,585223.0,585696.0
2020-03-18 03:45:04,585223.0,585696.0
2020-03-18 03:45:05,584604.0,585009.0
2020-03-18 03:45:06,584604.0,585009.0
2020-03-18 03:45:07,584604.0,585009.0
2020-03-18 03:45:08,584604.0,585009.0
2020-03-18 03:45:09,584604.0,585009.0
2020-03-18 03:45:10,584604.0,585009.0
2020-03-18 03:45:11,584604.0,585009.0
2020-03-18 03:45:12,584604.0,585009.0
2020-03-18 03:45:13,584604.0,585009.0
2020-03-18 03:45:15,584604.0,585009.0
2020-03-18 03:45:16,584604.0,585009.0
2020-03-18 03:45:17,584735.0,585181.0
2020-03-18 03:45:18,584735.0,585181.0
2020-03-18 03:45:19,584735.0,585181.0
2020-03-18 03:45:20,584735.0,585181.0
2020-03-18 03:45:21,584735.0,585181.0
2020-03-18 03:45:22,584735.0,585181.0
2020-03-18 03:45:23,584735.0,585181.0
2020-03-18 03:45:24,584735.0,585181.0
2020-03-18 03:45:25,584735.0,585181.0
2020-03-18 03:45:26,584735.0,585181.0
2020-03-18 03:45:27,585057.0,585488.0
2020-03-18 03:45:28,585057.0,585488.0
2020-03-18 03:45:29,585057.0,585488.0
2020-03-18 03:45:31,585057.0,585488.0
2020-03-18 03:45:32,585057.0,585488.0
2020-03-18 03:45:33,585057.0,585488.0
2020-03-18 03:45:34,585057.0,585488.0
2020-03-18 03:45:35,585057.0,585488.0
2020-03-18 03:45:36,585150.0,585621.0
2020-03-18 03:45:37,585150.0,585621.0
2020-03-18 03:45:38,585150.0,585621.0
2020-03-18 03:45:39,585150.0,585621.0
2020-03-18 03:45:40,585150.0,585621.0
2020-03-18 03:45:41,585150.0,585621.0
2020-03-18 03:45:42,585150.0,585621.0
2020-03-18 03:45:43,585150.0,585621.0
2020-03-18 03:45:44,585150.0,585621.0
2020-03-18 03:45:45,585150.0,585621.0
2020-03-18 03:45:46,584826.0,585132.0
2020-03-18 03:45:48,584826.0,585132.0
2020-03-18 03:45:49,584826.0,585132.0
2020-03-18 03:45:50,584826.0,585132.0
2020-03-18 03:45:51,584826.0,585132.0
2020-03-18 03:45:52,584826.0,585132.0
2020-03-18 03:45:53,584826.0,585132.0
2020-03-18 03:45:54,584826.0,585132.0
2020-03-18 03:45:55,584826.0,585132.0
2020-03-18 03:45:56,584826.0,585132.0
2020-03-18 03:45:57,584810.0,585166.0
2020-03-18 03:45:58,584810.0,585166.0
2020-03-18 03:45:59,584810.0,585166.0
2020-03-18 03:46:00,584810.0,585166.0
2020-03-18 03:46:01,584810.0,585166.0
2020-03-18 03:46:02,584810.0,585166.0
2020-03-18 03:46:04,584810.0,585166.0
2020-03-18 03:46:05,585562.0,585800.0
2020-03-18 03:46:06,585562.0,585800.0
2020-03-18 03:46:07,585562.0,585800.0
2020-03-18 03:46:08,585562.0,585800.0
2020-03-18 03:46:09,585562.0,585800.0
2020-03-18 03:46:10,585562.0,585800.0
2020-03-18 03:46:11,585562.0,585800.0
2020-03-18 03:46:12,585562.0,585800.0
2020-03-18 03:46:13,585562.0,585800.0
2020-03-18 03:46:14,585562.0,585800.0
2020-03-18 03:46:15,585562.0,585800.0
2020-03-18 03:46:16,585413.0,585752.0
2020-03-18 03:46:18,585413.0,585752.0
2020-03-18 03:46:19,585413.0,585752.0
2020-03-18 03:46:20,585413.0,585752.0
2020-03-18 03:46:21,585413.0,585752.0
2020-03-18 03:46:22,585413.0,585752.0
2020-03-18 03:46:23,585413.0,585752.0
2020-03-18 03:46:24,585413.0,585752.0
2020-03-18 03:46:25,585413.0,585752.0
2020-03-18 03:46:26,585455.0,585485.0
2020-03-18 03:46:27,585455.0,585485.0
2020-03-18 03:46:29,585455.0,585485.0
2020-03-18 03:46:30,585455.0,585485.0
2020-03-18 03:46:31,585455.0,585485.0
2020-03-18 03:46:32,585455.0,585485.0
2020-03-18 03:46:33,585455.0,585485.0
2020-03-18 03:46:34,585455.0,585485.0
2020-03-18 03:46:35,585455.0,585485.0
2020-03-18 03:46:36,585104.0,585538.0
2020-03-18 03:46:37,585104.0,585538.0
2020-03-18 03:46:38,585104.0,585538.0
2020-03-18 03:46:39,585104.0,585538.0
2020-03-18 03:46:40,585104.0,585538.0
2020-03-18 03:46:41,585104.0,585538.0
2020-03-18 03:46:43,585104.0,585538.0
2020-03-18 03:46:44,585104.0,585538.0
2020-03-18 03:46:45,585104.0,585538.0
2020-03-18 03:46:46,585269.0,585370.0
2020-03-18 03:46:47,585269.0,585370.0
2020-03-18 03:46:48,585269.0,585370.0
2020-03-18 03:46:49,585269.0,585370.0
2020-03-18 03:46:50,585269.0,585370.0
2020-03-18 03:46:51,585269.0,585370.0
2020-03-18 03:46:52,585269.0,585370.0
2020-03-18 03:46:54,585269.0,585370.0
2020-03-18 03:46:55,584932.0,585335.0
2020-03-18 03:46:56,584932.0,585335.0
2020-03-18 03:46:57,584932.0,585335.0
2020-03-18 03:46:58,584932.0,585335.0
2020-03-18 03:46:59,584932.0,585335.0
2020-03-18 03:47:00,584932.0,585335.0
2020-03-18 03:47:01,584932.0,585335.0
2020-03-18 03:47:02,584932.0,585335.0
2020-03-18 03:47:03,584932.0,585335.0
2020-03-18 03:47:04,584932.0,585335.0
2020-03-18 03:47:05,585770.0,586413.0
2020-03-18 03:47:06,585770.0,586413.0
2020-03-18 03:47:08,585770.0,586413.0
2020-03-18 03:47:09,585770.0,586413.0
2020-03-18 03:47:10,585770.0,586413.0
2020-03-18 03:47:11,585770.0,586413.0
2020-03-18 03:47:12,585770.0,586413.0
2020-03-18 03:47:13,585770.0,586413.0
2020-03-18 03:47:14,585770.0,586413.0
2020-03-18 03:47:15,585124.0,585328.0
2020-03-18 03:47:16,585124.0,585328.0
2020-03-18 03:47:17,585124.0,585328.0
2020-03-18 03:47:18,585124.0,585328.0
2020-03-18 03:47:20,585124.0,585328.0
2020-03-18 03:47:21,585124.0,585328.0
2020-03-18 03:47:22,585124.0,585328.0
2020-03-18 03:47:23,585124.0,585328.0
2020-03-18 03:47:24,585124.0,585328.0
2020-03-18 03:47:25,584875.0,585226.0
2020-03-18 03:47:26,584875.0,585226.0
2020-03-18 03:47:27,584875.0,585226.0
2020-03-18 03:47:29,584875.0,585226.0
2020-03-18 03:47:30,584875.0,585226.0
2020-03-18 03:47:31,584875.0,585226.0
2020-03-18 03:47:32,584875.0,585226.0
2020-03-18 03:47:33,584875.0,585226.0
2020-03-18 03:47:34,584875.0,585226.0
2020-03-18 03:47:35,584614.0,584790.0
2020-03-18 03:47:36,584614.0,584790.0
2020-03-18 03:47:37,584614.0,584790.0
2020-03-18 03:47:38,584614.0,584790.0
2020-03-18 03:47:39,584614.0,584790.0
2020-03-18 03:47:40,584614.0,584790.0
2020-03-18 03:47:41,584614.0,584790.0
2020-03-18 03:47:42,584614.0,584790.0
2020-03-18 03:47:43,584614.0,584790.0
2020-03-18 03:47:45,584614.0,584790.0
2020-03-18 03:47:46,584614.0,584790.0
2020-03-18 03:47:47,584614.0,584790.0
2020-03-18 03:47:48,584197.0,584846.0
2020-03-18 03:47:49,584197.0,584846.0
2020-03-18 03:47:50,584197.0,584846.0
2020-03-18 03:47:51,584197.0,584846.0
2020-03-18 03:47:52,584197.0,584846.0
2020-03-18 03:47:53,584197.0,584846.0
2020-03-18 03:47:54,584197.0,584846.0
2020-03-18 03:47:55,584493.0,584977.0
2020-03-18 03:47:56,584493.0,584977.0
2020-03-18 03:47:57,584493.0,584977.0
2020-03-18 03:47:58,584493.0,584977.0
2020-03-18 03:47:59,584493.0,584977.0
2020-03-18 03:48:01,584493.0,584977.0
2020-03-18 03:48:02,584493.0,584977.0
2020-03-18 03:48:03,584493.0,584977.0
2020-03-18 03:48:04,585352.0,585444.0
2020-03-18 03:48:05,585352.0,585444.0
2020-03-18 03:48:06,585352.0,585444.0
2020-03-18 03:48:07,585352.0,585444.0
2020-03-18 03:48:08,585352.0,585444.0
2020-03-18 03:48:09,585352.0,585444.0
2020-03-18 03:48:10,585352.0,585444.0
2020-03-18 03:48:11,585352.0,585444.0
2020-03-18 03:48:12,585352.0,585444.0
2020-03-18 03:48:14,585352.0,585444.0
2020-03-18 03:48:15,584558.0,584985.0
2020-03-18 03:48:16,584558.0,584985.0
2020-03-18 03:48:17,584558.0,584985.0
2020-03-18 03:48:18,584558.0,584985.0
2020-03-18 03:48:19,584558.0,584985.0
2020-03-18 03:48:20,584558.0,584985.0
2020-03-18 03:48:21,584558.0,584985.0
2020-03-18 03:48:22,584558.0,584985.0
2020-03-18 03:48:23,584558.0,584985.0
2020-03-18 03:48:24,584558.0,584985.0
2020-03-18 03:48:25,584355.0,584853.0
2020-03-18 03:48:26,584355.0,584853.0
2020-03-18 03:48:27,584355.0,584853.0
2020-03-18 03:48:28,584355.0,584853.0
2020-03-18 03:48:30,584355.0,584853.0
2020-03-18 03:48:31,584355.0,584853.0
2020-03-18 03:48:32,584355.0,584853.0
2020-03-18 03:48:33,584355.0,584853.0
2020-03-18 03:48:34,584355.0,584853.0
2020-03-18 03:48:35,584355.0,584853.0
2020-03-18 03:48:36,584355.0,584853.0
2020-03-18 03:48:37,584355.0,584853.0
2020-03-18 03:48:38,584094.0,584579.0
2020-03-18 03:48:39,584094.0,584579.0
2020-03-18 03:48:40,584094.0,584579.0
2020-03-18 03:48:41,584094.0,584579.0
2020-03-18 03:48:42,584094.0,584579.0
2020-03-18 03:48:43,584094.0,584579.0
2020-03-18 03:48:44,584094.0,584579.0
2020-03-18 03:48:45,584094.0,584579.0
2020-03-18 03:48:47,583573.0,583903.0
2020-03-18 03:48:48,583573.0,583903.0
2020-03-18 03:48:49,583573.0,583903.0
2020-03-18 03:48:50,583573.0,583903.0
2020-03-18 03:48:51,583573.0,583903.0
2020-03-18 03:48:52,583573.0,583903.0
2020-03-18 03:48:53,583573.0,583903.0
2020-03-18 03:48:54,583573.0,583903.0
2020-03-18 03:48:55,583413.0,583856.0
2020-03-18 03:48:57,583413.0,583856.0
2020-03-18 03:48:58,583413.0,583856.0
2020-03-18 03:48:59,583413.0,583856.0
2020-03-18 03:49:00,583413.0,583856.0
2020-03-18 03:49:01,583413.0,583856.0
2020-03-18 03:49:02,583413.0,583856.0
2020-03-18 03:49:03,583413.0,583856.0
2020-03-18 03:49:04,583413.0,583856.0
2020-03-18 03:49:05,583413.0,583856.0
2020-03-18 03:49:06,583456.0,583802.0
2020-03-18 03:49:07,583456.0,583802.0
2020-03-18 03:49:08,583456.0,583802.0
2020-03-18 03:49:09,583456.0,583802.0
2020-03-18 03:49:10,583456.0,583802.0
2020-03-18 03:49:12,583456.0,583802.0
2020-03-18 03:49:13,583456.0,583802.0
2020-03-18 03:49:14,583456.0,583802.0
2020-03-18 03:49:15,583456.0,583802.0
2020-03-18 03:49:16,583456.0,583802.0
2020-03-18 03:49:17,583481.0,583894.0
2020-03-18 03:49:18,583481.0,583894.0
2020-03-18 03:49:19,583481.0,583894.0
2020-03-18 03:49:20,583481.0,583894.0
2020-03-18 03:49:21,583481.0,583894.0
2020-03-18 03:49:22,583481.0,583894.0
2020-03-18 03:49:23,583481.0,583894.0
2020-03-18 03:49:24,583481.0,583894.0
2020-03-18 03:49:25,583481.0,583894.0
2020-03-18 03:49:26,583894.0,584155.0
2020-03-18 03:49:27,583894.0,584155.0
2020-03-18 03:49:29,583894.0,584155.0
2020-03-18 03:49:30,583894.0,584155.0
2020-03-18 03:49:31,583894.0,584155.0
2020-03-18 03:49:32,583894.0,584155.0
2020-03-18 03:49:33,583894.0,584155.0
2020-03-18 03:49:34,583894.0,584155.0
2020-03-18 03:49:35,583894.0,584155.0
2020-03-18 03:49:36,583890.0,584236.0
2020-03-18 03:49:37,583890.0,584236.0
2020-03-18 03:49:38,583890.0,584236.0
2020-03-18 03:49:39,583890.0,584236.0
2020-03-18 03:49:40,583890.0,584236.0
2020-03-18 03:49:41,583890.0,584236.0
2020-03-18 03:49:42,583890.0,584236.0
2020-03-18 03:49:44,583890.0,584236.0
2020-03-18 03:49:45,583890.0,584236.0
2020-03-18 03:49:46,583372.0,583719.0
2020-03-18 03:49:47,583372.0,583719.0
2020-03-18 03:49:48,583372.0,583719.0
2020-03-18 03:49:49,583372.0,583719.0
2020-03-18 03:49:50,583372.0,583719.0
2020-03-18 03:49:51,583372.0,583719.0
2020-03-18 03:49:52,583372.0,583719.0
2020-03-18 03:49:53,583372.0,583719.0
2020-03-18 03:49:54,583372.0,583719.0
2020-03-18 03:49:55,583372.0,583719.0
2020-03-18 03:49:56,583372.0,583719.0
2020-03-18 03:49:57,584003.0,584334.0
2020-03-18 03:49:59,584003.0,584334.0
2020-03-18 03:50:00,584003.0,584334.0
2020-03-18 03:50:01,584003.0,584334.0
2020-03-18 03:50:02,584003.0,584334.0
2020-03-18 03:50:03,584003.0,584334.0
2020-03-18 03:50:04,584003.0,584334.0
2020-03-18 03:50:05,584003.0,584334.0
2020-03-18 03:50:06,583372.0,583783.0
2020-03-18 03:50:07,583372.0,583783.0
2020-03-18 03:50:08,583372.0,583783.0
2020-03-18 03:50:09,583372.0,583783.0
2020-03-18 03:50:10,583372.0,583783.0
2020-03-18 03:50:11,583372.0,583783.0
2020-03-18 03:50:12,583372.0,583783.0
2020-03-18 03:50:14,583372.0,583783.0
2020-03-18 03:50:15,583372.0,583783.0
2020-03-18 03:50:16,583372.0,583783.0
2020-03-18 03:50:17,583372.0,583783.0
2020-03-18 03:50:18,583790.0,584266.0
2020-03-18 03:50:19,583790.0,584266.0
2020-03-18 03:50:20,583790.0,584266.0
2020-03-18 03:50:21,583790.0,584266.0
2020-03-18 03:50:22,583790.0,584266.0
2020-03-18 03:50:23,583790.0,584266.0
2020-03-18 03:50:24,583790.0,584266.0
2020-03-18 03:50:25,583790.0,584266.0
2020-03-18 03:50:26,584065.0,584517.0
2020-03-18 03:50:28,584065.0,584517.0
2020-03-18 03:50:29,584065.0,584517.0
2020-03-18 03:50:30,584065.0,584517.0
2020-03-18 03:50:31,584065.0,584517.0
2020-03-18 03:50:32,584065.0,584517.0
2020-03-18 03:50:33,584065.0,584517.0
2020-03-18 03:50:34,584065.0,584517.0
2020-03-18 03:50:35,584065.0,584517.0
2020-03-18 03:50:36,584536.0,584586.0
2020-03-18 03:50:37,584536.0,584586.0
2020-03-18 03:50:38,584536.0,584586.0
2020-03-18 03:50:39,584536.0,584586.0
2020-03-18 03:50:40,584536.0,584586.0
2020-03-18 03:50:41,584536.0,584586.0
2020-03-18 03:50:43,584536.0,584586.0
2020-03-18 03:50:44,584536.0,584586.0
2020-03-18 03:50:45,584536.0,584586.0
2020-03-18 03:50:46,584555.0,584947.0
2020-03-18 03:50:47,584555.0,584947.0
2020-03-18 03:50:48,584555.0,584947.0
2020-03-18 03:50:49,584555.0,584947.0
2020-03-18 03:50:50,584555.0,584947.0
2020-03-18 03:50:51,584555.0,584947.0
2020-03-18 03:50:52,584555.0,584947.0
2020-03-18 03:50:53,584555.0,584947.0
2020-03-18 03:50:54,584555.0,584947.0
2020-03-18 03:50:55,584555.0,584947.0
2020-03-18 03:50:57,583832.0,584342.0
2020-03-18 03:50:58,583832.0,584342.0
2020-03-18 03:50:59,583832.0,584342.0
2020-03-18 03:51:00,583832.0,584342.0
2020-03-18 03:51:01,583832.0,584342.0
2020-03-18 03:51:02,583832.0,584342.0
2020-03-18 03:51:03,583832.0,584342.0
2020-03-18 03:51:04,583832.0,584342.0
2020-03-18 03:51:05,584160.0,584561.0
2020-03-18 03:51:06,584160.0,584561.0
2020-03-18 03:51:07,584160.0,584561.0
2020-03-18 03:51:08,584160.0,584561.0
2020-03-18 03:51:09,584160.0,584561.0
2020-03-18 03:51:10,584160.0,584561.0
2020-03-18 03:51:12,584160.0,584561.0
2020-03-18 03:51:13,584160.0,584561.0
2020-03-18 03:51:14,584160.0,584561.0
2020-03-18 03:51:15,584160.0,584561.0
2020-03-18 03:51:16,584160.0,584561.0
2020-03-18 03:51:17,583832.0,584415.0
2020-03-18 03:51:18,583832.0,584415.0
2020-03-18 03:51:19,583832.0,584415.0
2020-03-18 03:51:20,583832.0,584415.0
2020-03-18 03:51:21,583832.0,584415.0
2020-03-18 03:51:22,583832.0,584415.0
2020-03-18 03:51:23,583832.0,584415.0
2020-03-18 03:51:24,583832.0,584415.0
2020-03-18 03:51:25,583832.0,584415.0
2020-03-18 03:51:27,583832.0,584415.0
2020-03-18 03:51:28,583650.0,584228.0
2020-03-18 03:51:29,583650.0,584228.0
2020-03-18 03:51:30,583650.0,584228.0
2020-03-18 03:51:31,583650.0,584228.0
2020-03-18 03:51:32,583650.0,584228.0
2020-03-18 03:51:33,583650.0,584228.0
2020-03-18 03:51:34,583650.0,584228.0
2020-03-18 03:51:35,583650.0,584228.0
2020-03-18 03:51:36,583650.0,584228.0
2020-03-18 03:51:37,583650.0,584228.0
2020-03-18 03:51:38,583541.0,584115.0
2020-03-18 03:51:39,583541.0,584115.0
2020-03-18 03:51:40,583541.0,584115.0
2020-03-18 03:51:42,583541.0,584115.0
2020-03-18 03:51:43,583541.0,584115.0
2020-03-18 03:51:44,583541.0,584115.0
2020-03-18 03:51:45,583541.0,584115.0
2020-03-18 03:51:46,584053.0,584375.0
2020-03-18 03:51:47,584053.0,584375.0
2020-03-18 03:51:48,584053.0,584375.0
2020-03-18 03:51:49,584053.0,584375.0
2020-03-18 03:51:50,584053.0,584375.0
2020-03-18 03:51:51,584053.0,584375.0
2020-03-18 03:51:52,584053.0,584375.0
2020-03-18 03:51:53,584053.0,584375.0
2020-03-18 03:51:54,584053.0,584375.0
2020-03-18 03:51:55,584053.0,584375.0
2020-03-18 03:51:57,583648.0,584033.0
2020-03-18 03:51:58,583648.0,584033.0
2020-03-18 03:51:59,583648.0,584033.0
2020-03-18 03:52:00,583648.0,584033.0
2020-03-18 03:52:01,583648.0,584033.0
2020-03-18 03:52:02,583648.0,584033.0
2020-03-18 03:52:03,583648.0,584033.0
2020-03-18 03:52:04,583648.0,584033.0
2020-03-18 03:52:05,583648.0,584033.0
2020-03-18 03:52:06,583541.0,583739.0
2020-03-18 03:52:08,583541.0,583739.0
2020-03-18 03:52:09,583541.0,583739.0
2020-03-18 03:52:10,583541.0,583739.0
2020-03-18 03:52:11,583541.0,583739.0
2020-03-18 03:52:12,583541.0,583739.0
2020-03-18 03:52:13,583541.0,583739.0
2020-03-18 03:52:14,583541.0,583739.0
2020-03-18 03:52:15,583541.0,583739.0
2020-03-18 03:52:16,583541.0,583646.0
2020-03-18 03:52:17,583541.0,583646.0
2020-03-18 03:52:18,583541.0,583646.0
2020-03-18 03:52:19,583541.0,583646.0
2020-03-18 03:52:20,583541.0,583646.0
2020-03-18 03:52:21,583541.0,583646.0
2020-03-18 03:52:23,583541.0,583646.0
2020-03-18 03:52:24,583541.0,583646.0
2020-03-18 03:52:25,583541.0,583646.0
2020-03-18 03:52:26,583541.0,583646.0
2020-03-18 03:52:27,583541.0,583646.0
2020-03-18 03:52:29,582310.0,582795.0
2020-03-18 03:52:30,582310.0,582795.0
2020-03-18 03:52:31,582310.0,582795.0
2020-03-18 03:52:32,582310.0,582795.0
2020-03-18 03:52:33,582310.0,582795.0
2020-03-18 03:52:34,582310.0,582795.0
2020-03-18 03:52:35,582310.0,582795.0
2020-03-18 03:52:36,582310.0,582795.0
2020-03-18 03:52:38,582981.0,583175.0
2020-03-18 03:52:39,582981.0,583175.0
2020-03-18 03:52:40,582981.0,583175.0
2020-03-18 03:52:41,582981.0,583175.0
2020-03-18 03:52:42,582981.0,583175.0
2020-03-18 03:52:43,582981.0,583175.0
2020-03-18 03:52:44,582981.0,583175.0
2020-03-18 03:52:45,582981.0,583175.0
2020-03-18 03:52:46,582981.0,583175.0
2020-03-18 03:52:47,582981.0,583175.0
2020-03-18 03:52:48,582981.0,583175.0
2020-03-18 03:52:49,583264.0,583679.0
2020-03-18 03:52:50,583264.0,583679.0
2020-03-18 03:52:52,583264.0,583679.0
2020-03-18 03:52:53,583264.0,583679.0
2020-03-18 03:52:54,583264.0,583679.0
2020-03-18 03:52:55,583264.0,583679.0
2020-03-18 03:52:56,582803.0,583287.0
2020-03-18 03:52:57,582803.0,583287.0
2020-03-18 03:52:58,582803.0,583287.0
2020-03-18 03:52:59,582803.0,583287.0
2020-03-18 03:53:00,582803.0,583287.0
2020-03-18 03:53:01,582803.0,583287.0
2020-03-18 03:53:02,582803.0,583287.0
2020-03-18 03:53:03,582803.0,583287.0
2020-03-18 03:53:04,582803.0,583287.0
2020-03-18 03:53:05,582803.0,583287.0
2020-03-18 03:53:06,582982.0,583596.0
2020-03-18 03:53:08,582982.0,583596.0
2020-03-18 03:53:09,582982.0,583596.0
2020-03-18 03:53:10,582982.0,583596.0
2020-03-18 03:53:11,582982.0,583596.0
2020-03-18 03:53:12,582982.0,583596.0
2020-03-18 03:53:13,582982.0,583596.0
2020-03-18 03:53:14,582982.0,583596.0
2020-03-18 03:53:15,582982.0,583596.0
2020-03-18 03:53:16,582982.0,583596.0
2020-03-18 03:53:17,582982.0,583596.0
2020-03-18 03:53:18,582982.0,583596.0
2020-03-18 03:53:19,582801.0,583529.0
2020-03-18 03:53:20,582801.0,583529.0
2020-03-18 03:53:21,582801.0,583529.0
2020-03-18 03:53:22,582801.0,583529.0
2020-03-18 03:53:24,582801.0,583529.0
2020-03-18 03:53:25,582801.0,583529.0
2020-03-18 03:53:26,582801.0,583529.0
2020-03-18 03:53:27,582801.0,583529.0
2020-03-18 03:53:28,582801.0,583529.0
2020-03-18 03:53:29,582801.0,583529.0
2020-03-18 03:53:30,582700.0,582898.0
2020-03-18 03:53:31,582700.0,582898.0
2020-03-18 03:53:32,582700.0,582898.0
2020-03-18 03:53:33,582700.0,582898.0
2020-03-18 03:53:34,582700.0,582898.0
2020-03-18 03:53:35,582700.0,582898.0
2020-03-18 03:53:36,582857.0,583193.0
2020-03-18 03:53:37,582857.0,583193.0
2020-03-18 03:53:39,582857.0,583193.0
2020-03-18 03:53:40,582857.0,583193.0
2020-03-18 03:53:41,582857.0,583193.0
2020-03-18 03:53:42,582857.0,583193.0
2020-03-18 03:53:43,582857.0,583193.0
2020-03-18 03:53:44,582857.0,583193.0
2020-03-18 03:53:45,582857.0,583193.0
2020-03-18 03:53:46,582857.0,583193.0
2020-03-18 03:53:47,582857.0,583193.0
2020-03-18 03:53:48,582857.0,583193.0
2020-03-18 03:53:49,582857.0,583193.0
2020-03-18 03:53:50,582857.0,583193.0
2020-03-18 03:53:51,582040.0,582753.0
2020-03-18 03:53:52,582040.0,582753.0
2020-03-18 03:53:54,582040.0,582753.0
2020-03-18 03:53:55,582040.0,582753.0
2020-03-18 03:53:56,582053.0,582685.0
2020-03-18 03:53:57,582053.0,582685.0
2020-03-18 03:53:58,582053.0,582685.0
2020-03-18 03:53:59,582053.0,582685.0
2020-03-18 03:54:00,582053.0,582685.0
2020-03-18 03:54:01,582053.0,582685.0
2020-03-18 03:54:02,582053.0,582685.0
2020-03-18 03:54:03,582053.0,582685.0
2020-03-18 03:54:04,582053.0,582685.0
2020-03-18 03:54:05,582665.0,582890.0
2020-03-18 03:54:06,582665.0,582890.0
2020-03-18 03:54:07,582665.0,582890.0
2020-03-18 03:54:09,582665.0,582890.0
2020-03-18 03:54:10,582665.0,582890.0
2020-03-18 03:54:11,582665.0,582890.0
2020-03-18 03:54:12,582665.0,582890.0
2020-03-18 03:54:13,582665.0,582890.0
2020-03-18 03:54:14,582665.0,582890.0
2020-03-18 03:54:15,582665.0,582890.0
2020-03-18 03:54:16,583840.0,584246.0
2020-03-18 03:54:17,583840.0,584246.0
2020-03-18 03:54:18,583840.0,584246.0
2020-03-18 03:54:19,583840.0,584246.0
2020-03-18 03:54:20,583840.0,584246.0
2020-03-18 03:54:21,583840.0,584246.0
2020-03-18 03:54:23,583840.0,584246.0
2020-03-18 03:54:24,583840.0,584246.0
2020-03-18 03:54:25,583734.0,584224.0
2020-03-18 03:54:26,583734.0,584224.0
2020-03-18 03:54:27,583734.0,584224.0
2020-03-18 03:54:28,583734.0,584224.0
2020-03-18 03:54:29,583734.0,584224.0
2020-03-18 03:54:30,583734.0,584224.0
2020-03-18 03:54:31,583734.0,584224.0
2020-03-18 03:54:32,583734.0,584224.0
2020-03-18 03:54:33,583734.0,584224.0
2020-03-18 03:54:34,583734.0,584224.0
2020-03-18 03:54:35,583734.0,584224.0
2020-03-18 03:54:36,583734.0,584224.0
2020-03-18 03:54:37,583378.0,583941.0
2020-03-18 03:54:39,583378.0,583941.0
2020-03-18 03:54:40,583378.0,583941.0
2020-03-18 03:54:41,583378.0,583941.0
2020-03-18 03:54:42,583378.0,583941.0
2020-03-18 03:54:43,583378.0,583941.0
2020-03-18 03:54:44,583378.0,583941.0
2020-03-18 03:54:45,583378.0,583941.0
2020-03-18 03:54:46,583583.0,583740.0
2020-03-18 03:54:47,583583.0,583740.0
2020-03-18 03:54:48,583583.0,583740.0
2020-03-18 03:54:49,583583.0,583740.0
2020-03-18 03:54:50,583583.0,583740.0
2020-03-18 03:54:51,583583.0,583740.0
2020-03-18 03:54:52,583583.0,583740.0
2020-03-18 03:54:53,583583.0,583740.0
2020-03-18 03:54:55,583583.0,583740.0
2020-03-18 03:54:56,583386.0,583962.0
2020-03-18 03:54:57,583386.0,583962.0
2020-03-18 03:54:58,583386.0,583962.0
2020-03-18 03:54:59,583386.0,583962.0
2020-03-18 03:55:00,583386.0,583962.0
2020-03-18 03:55:01,583386.0,583962.0
2020-03-18 03:55:02,583386.0,583962.0
2020-03-18 03:55:03,583386.0,583962.0
2020-03-18 03:55:04,583386.0,583962.0
2020-03-18 03:55:05,583088.0,583646.0
2020-03-18 03:55:06,583088.0,583646.0
2020-03-18 03:55:07,583088.0,583646.0
2020-03-18 03:55:09,583088.0,583646.0
2020-03-18 03:55:10,583088.0,583646.0
2020-03-18 03:55:11,583088.0,583646.0
2020-03-18 03:55:12,583088.0,583646.0
2020-03-18 03:55:13,583088.0,583646.0
2020-03-18 03:55:14,583088.0,583646.0
2020-03-18 03:55:15,583088.0,583646.0
2020-03-18 03:55:16,583088.0,583646.0
2020-03-18 03:55:17,583088.0,583646.0
2020-03-18 03:55:19,583698.0,584238.0
2020-03-18 03:55:20,583698.0,584238.0
2020-03-18 03:55:21,583698.0,584238.0
2020-03-18 03:55:22,583698.0,584238.0
2020-03-18 03:55:23,583698.0,584238.0
2020-03-18 03:55:24,583698.0,584238.0
2020-03-18 03:55:25,583698.0,584238.0
2020-03-18 03:55:26,583348.0,583938.0
2020-03-18 03:55:27,583348.0,583938.0
2020-03-18 03:55:28,583348.0,583938.0
2020-03-18 03:55:29,583348.0,583938.0
2020-03-18 03:55:30,583348.0,583938.0
2020-03-18 03:55:31,583348.0,583938.0
2020-03-18 03:55:32,583348.0,583938.0
2020-03-18 03:55:33,583348.0,583938.0
2020-03-18 03:55:35,583742.0,584139.0
2020-03-18 03:55:36,583742.0,584139.0
2020-03-18 03:55:37,583742.0,584139.0
2020-03-18 03:55:38,583742.0,584139.0
2020-03-18 03:55:39,583742.0,584139.0
2020-03-18 03:55:40,583742.0,584139.0
2020-03-18 03:55:41,583742.0,584139.0
2020-03-18 03:55:42,583742.0,584139.0
2020-03-18 03:55:43,583742.0,584139.0
2020-03-18 03:55:44,583742.0,584139.0
2020-03-18 03:55:45,583742.0,584139.0
2020-03-18 03:55:46,584257.0,584683.0
2020-03-18 03:55:47,584257.0,584683.0
2020-03-18 03:55:49,584257.0,584683.0
2020-03-18 03:55:50,584257.0,584683.0
2020-03-18 03:55:51,584257.0,584683.0
2020-03-18 03:55:52,584257.0,584683.0
2020-03-18 03:55:53,584257.0,584683.0
2020-03-18 03:55:54,584257.0,584683.0
2020-03-18 03:55:55,584257.0,584626.0
2020-03-18 03:55:56,584257.0,584626.0
2020-03-18 03:55:57,584257.0,584626.0
2020-03-18 03:55:58,584257.0,584626.0
2020-03-18 03:55:59,584257.0,584626.0
2020-03-18 03:56:00,584257.0,584626.0
2020-03-18 03:56:02,584257.0,584626.0
2020-03-18 03:56:03,584257.0,584626.0
2020-03-18 03:56:04,584252.0,584337.0
2020-03-18 03:56:05,584252.0,584337.0
2020-03-18 03:56:06,584252.0,584337.0
2020-03-18 03:56:07,584252.0,584337.0
2020-03-18 03:56:08,584252.0,584337.0
2020-03-18 03:56:09,584252.0,584337.0
2020-03-18 03:56:10,584252.0,584337.0
2020-03-18 03:56:11,584252.0,584337.0
2020-03-18 03:56:12,584252.0,584337.0
2020-03-18 03:56:13,584252.0,584337.0
2020-03-18 03:56:14,584252.0,584337.0
2020-03-18 03:56:15,584252.0,584337.0
2020-03-18 03:56:16,584252.0,584337.0
2020-03-18 03:56:18,583892.0,584398.0
2020-03-18 03:56:19,583892.0,584398.0
2020-03-18 03:56:20,583892.0,584398.0
2020-03-18 03:56:21,583892.0,584398.0
2020-03-18 03:56:22,583892.0,584398.0
2020-03-18 03:56:23,583892.0,584398.0
2020-03-18 03:56:24,583892.0,584398.0
2020-03-18 03:56:25,584676.0,585070.0
2020-03-18 03:56:26,584676.0,585070.0
2020-03-18 03:56:27,584676.0,585070.0
2020-03-18 03:56:28,584676.0,585070.0
2020-03-18 03:56:29,584676.0,585070.0
2020-03-18 03:56:30,584676.0,585070.0
2020-03-18 03:56:31,584676.0,585070.0
2020-03-18 03:56:33,584676.0,585070.0
2020-03-18 03:56:34,584676.0,585070.0
2020-03-18 03:56:35,584453.0,585095.0
2020-03-18 03:56:36,584453.0,585095.0
2020-03-18 03:56:37,584453.0,585095.0
2020-03-18 03:56:38,584453.0,585095.0
2020-03-18 03:56:39,584453.0,585095.0
2020-03-18 03:56:40,584453.0,585095.0
2020-03-18 03:56:41,584453.0,585095.0
2020-03-18 03:56:42,584453.0,585095.0
2020-03-18 03:56:43,584453.0,585095.0
2020-03-18 03:56:44,584453.0,585095.0
2020-03-18 03:56:45,584453.0,585095.0
2020-03-18 03:56:46,584460.0,584667.0
2020-03-18 03:56:48,584460.0,584667.0
2020-03-18 03:56:49,584460.0,584667.0
2020-03-18 03:56:50,584460.0,584667.0
2020-03-18 03:56:51,584460.0,584667.0
2020-03-18 03:56:52,584460.0,584667.0
2020-03-18 03:56:53,584460.0,584667.0
2020-03-18 03:56:54,584678.0,584679.0
2020-03-18 03:56:55,584678.0,584679.0
2020-03-18 03:56:56,584678.0,584679.0
2020-03-18 03:56:57,584678.0,584679.0
2020-03-18 03:56:58,584678.0,584679.0
2020-03-18 03:56:59,584678.0,584679.0
2020-03-18 03:57:00,584678.0,584679.0
2020-03-18 03:57:02,584678.0,584679.0
2020-03-18 03:57:03,584678.0,584679.0
2020-03-18 03:57:04,584678.0,584679.0
2020-03-18 03:57:05,584678.0,584679.0
2020-03-18 03:57:06,584499.0,584906.0
2020-03-18 03:57:07,584499.0,584906.0
2020-03-18 03:57:08,584499.0,584906.0
2020-03-18 03:57:09,584499.0,584906.0
2020-03-18 03:57:10,584499.0,584906.0
2020-03-18 03:57:11,584499.0,584906.0
2020-03-18 03:57:12,584499.0,584906.0
2020-03-18 03:57:13,584499.0,584906.0
2020-03-18 03:57:15,584499.0,584906.0
2020-03-18 03:57:16,584499.0,584906.0
2020-03-18 03:57:17,583705.0,584144.0
2020-03-18 03:57:18,583705.0,584144.0
2020-03-18 03:57:19,583705.0,584144.0
2020-03-18 03:57:20,583705.0,584144.0
2020-03-18 03:57:21,583705.0,584144.0
2020-03-18 03:57:22,583705.0,584144.0
2020-03-18 03:57:23,583705.0,584144.0
2020-03-18 03:57:24,583705.0,584144.0
2020-03-18 03:57:25,583705.0,584144.0
2020-03-18 03:57:26,583199.0,583669.0
2020-03-18 03:57:27,583199.0,583669.0
2020-03-18 03:57:28,583199.0,583669.0
2020-03-18 03:57:29,583199.0,583669.0
2020-03-18 03:57:31,583199.0,583669.0
2020-03-18 03:57:32,583199.0,583669.0
2020-03-18 03:57:33,583199.0,583669.0
2020-03-18 03:57:34,583199.0,583669.0
2020-03-18 03:57:35,583199.0,583669.0
2020-03-18 03:57:36,583199.0,583669.0
2020-03-18 03:57:37,583199.0,583669.0
2020-03-18 03:57:38,583310.0,583466.0
2020-03-18 03:57:39,583310.0,583466.0
2020-03-18 03:57:40,583310.0,583466.0
2020-03-18 03:57:41,583310.0,583466.0
2020-03-18 03:57:42,583310.0,583466.0
2020-03-18 03:57:43,583310.0,583466.0
2020-03-18 03:57:44,583310.0,583466.0
2020-03-18 03:57:46,583310.0,583466.0
2020-03-18 03:57:47,583310.0,583466.0
2020-03-18 03:57:48,583215.0,583303.0
2020-03-18 03:57:49,583215.0,583303.0
2020-03-18 03:57:50,583215.0,583303.0
2020-03-18 03:57:51,583215.0,583303.0
2020-03-18 03:57:52,583215.0,583303.0
2020-03-18 03:57:53,583215.0,583303.0
2020-03-18 03:57:54,583215.0,583303.0
2020-03-18 03:57:55,583215.0,583303.0
2020-03-18 03:57:56,583215.0,583303.0
2020-03-18 03:57:57,583285.0,583582.0
2020-03-18 03:57:58,583285.0,583582.0
2020-03-18 03:57:59,583285.0,583582.0
2020-03-18 03:58:00,583285.0,583582.0
2020-03-18 03:58:02,583285.0,583582.0
2020-03-18 03:58:03,583285.0,583582.0
2020-03-18 03:58:04,583285.0,583582.0
2020-03-18 03:58:05,583285.0,583563.0
2020-03-18 03:58:06,583285.0,583563.0
2020-03-18 03:58:07,583285.0,583563.0
2020-03-18 03:58:08,583285.0,583563.0
2020-03-18 03:58:09,583285.0,583563.0
2020-03-18 03:58:10,583285.0,583563.0
2020-03-18 03:58:12,583285.0,583563.0
2020-03-18 03:58:13,583285.0,583563.0
2020-03-18 03:58:14,583285.0,583563.0
2020-03-18 03:58:15,582923.0,583360.0
2020-03-18 03:58:16,582923.0,583360.0
2020-03-18 03:58:17,582923.0,583360.0
2020-03-18 03:58:18,582923.0,583360.0
2020-03-18 03:58:19,582923.0,583360.0
2020-03-18 03:58:20,582923.0,583360.0
2020-03-18 03:58:21,582923.0,583360.0
2020-03-18 03:58:22,582923.0,583360.0
2020-03-18 03:58:23,582923.0,583360.0
2020-03-18 03:58:24,582923.0,583360.0
2020-03-18 03:58:25,583158.0,583781.0
2020-03-18 03:58:26,583158.0,583781.0
2020-03-18 03:58:28,583158.0,583781.0
2020-03-18 03:58:29,583158.0,583781.0
2020-03-18 03:58:30,583158.0,583781.0
2020-03-18 03:58:31,583158.0,583781.0
2020-03-18 03:58:32,583158.0,583781.0
2020-03-18 03:58:33,583158.0,583781.0
2020-03-18 03:58:34,583158.0,583781.0
2020-03-18 03:58:35,583158.0,583781.0
2020-03-18 03:58:36,583158.0,583781.0
2020-03-18 03:58:37,583888.0,584149.0
2020-03-18 03:58:38,583888.0,584149.0
2020-03-18 03:58:39,583888.0,584149.0
2020-03-18 03:58:40,583888.0,584149.0
2020-03-18 03:58:41,583888.0,584149.0
2020-03-18 03:58:42,583888.0,584149.0
2020-03-18 03:58:44,583888.0,584149.0
2020-03-18 03:58:45,584346.0,584624.0
2020-03-18 03:58:46,584346.0,584624.0
2020-03-18 03:58:47,584346.0,584624.0
2020-03-18 03:58:48,584346.0,584624.0
2020-03-18 03:58:49,584346.0,584624.0
2020-03-18 03:58:50,584346.0,584624.0
2020-03-18 03:58:51,584346.0,584624.0
2020-03-18 03:58:52,584346.0,584624.0
2020-03-18 03:58:53,584346.0,584624.0
2020-03-18 03:58:54,584346.0,584624.0
2020-03-18 03:58:55,584346.0,584624.0
2020-03-18 03:58:56,584441.0,584985.0
2020-03-18 03:58:57,584441.0,584985.0
2020-03-18 03:58:58,584441.0,584985.0
2020-03-18 03:59:00,584441.0,584985.0
2020-03-18 03:59:01,584441.0,584985.0
2020-03-18 03:59:02,584441.0,584985.0
2020-03-18 03:59:03,584441.0,584985.0
2020-03-18 03:59:04,584441.0,584985.0
2020-03-18 03:59:05,584441.0,584985.0
2020-03-18 03:59:06,583560.0,583715.0
2020-03-18 03:59:07,583560.0,583715.0
2020-03-18 03:59:08,583560.0,583715.0
2020-03-18 03:59:09,583560.0,583715.0
2020-03-18 03:59:10,583560.0,583715.0
2020-03-18 03:59:11,583560.0,583715.0
2020-03-18 03:59:12,583560.0,583715.0
2020-03-18 03:59:13,583560.0,583715.0
2020-03-18 03:59:14,583560.0,583715.0
2020-03-18 03:59:16,583560.0,583715.0
2020-03-18 03:59:17,583876.0,584692.0
2020-03-18 03:59:18,583876.0,584692.0
2020-03-18 03:59:19,583876.0,584692.0
2020-03-18 03:59:20,583876.0,584692.0
2020-03-18 03:59:21,583876.0,584692.0
2020-03-18 03:59:22,583876.0,584692.0
2020-03-18 03:59:23,583876.0,584692.0
2020-03-18 03:59:24,583876.0,584692.0
2020-03-18 03:59:25,583876.0,584692.0
2020-03-18 03:59:26,583876.0,584692.0
2020-03-18 03:59:27,583876.0,584692.0
2020-03-18 03:59:28,584617.0,584842.0
2020-03-18 03:59:29,584617.0,584842.0
2020-03-18 03:59:30,584617.0,584842.0
2020-03-18 03:59:32,584617.0,584842.0
2020-03-18 03:59:33,584617.0,584842.0
2020-03-18 03:59:34,584617.0,584842.0
2020-03-18 03:59:35,584617.0,584842.0
2020-03-18 03:59:36,584459.0,584909.0
2020-03-18 03:59:37,584459.0,584909.0
2020-03-18 03:59:38,584459.0,584909.0
2020-03-18 03:59:39,584459.0,584909.0
2020-03-18 03:59:40,584459.0,584909.0
2020-03-18 03:59:41,584459.0,584909.0
2020-03-18 03:59:42,584459.0,584909.0
2020-03-18 03:59:43,584459.0,584909.0
2020-03-18 03:59:44,584459.0,584909.0
2020-03-18 03:59:45,584459.0,584909.0
2020-03-18 03:59:46,583952.0,584516.0
2020-03-18 03:59:48,583952.0,584516.0
