timestamp,bid,ask,tick_timestamp
2020-04-21 00:32:37,765724,765916,2020-04-21 00:32:37.878
2020-04-21 00:32:38,765725,765916,2020-04-21 00:32:38.930
2020-04-21 00:32:39,765730,765916,2020-04-21 00:32:39.940
2020-04-21 00:32:41,765735,765916,2020-04-21 00:32:41.023
2020-04-21 00:32:42,765736,765916,2020-04-21 00:32:42.378
2020-04-21 00:32:43,765744,765916,2020-04-21 00:32:43.472
2020-04-21 00:32:44,765755,765916,2020-04-21 00:32:44.501
2020-04-21 00:32:45,765760,765916,2020-04-21 00:32:45.990
2020-04-21 00:32:47,765761,765916,2020-04-21 00:32:47.138
2020-04-21 00:32:48,765775,765916,2020-04-21 00:32:48.541
2020-04-21 00:32:49,765780,765916,2020-04-21 00:32:49.573
2020-04-21 00:32:50,765787,765916,2020-04-21 00:32:50.615
2020-04-21 00:32:52,765787,765916,2020-04-21 00:32:52.037
2020-04-21 00:32:53,765792,765916,2020-04-21 00:32:53.070
2020-04-21 00:32:54,765798,765916,2020-04-21 00:32:54.132
2020-04-21 00:32:55,765803,765916,2020-04-21 00:32:55.224
2020-04-21 00:32:56,765808,765916,2020-04-21 00:32:56.303
2020-04-21 00:32:57,765813,765916,2020-04-21 00:32:57.384
2020-04-21 00:32:58,765813,765916,2020-04-21 00:32:58.437
2020-04-21 00:32:59,765818,765916,2020-04-21 00:32:59.563
2020-04-21 00:33:00,765823,765916,2020-04-21 00:33:00.647
2020-04-21 00:33:02,765823,765916,2020-04-21 00:33:02.106
2020-04-21 00:33:03,765832,765916,2020-04-21 00:33:03.158
2020-04-21 00:33:04,765833,765916,2020-04-21 00:33:04.179
2020-04-21 00:33:05,765838,765916,2020-04-21 00:33:05.201
2020-04-21 00:33:06,765843,765916,2020-04-21 00:33:06.355
2020-04-21 00:33:07,765843,765916,2020-04-21 00:33:07.377
2020-04-21 00:33:08,765848,765916,2020-04-21 00:33:08.410
2020-04-21 00:33:09,765853,765916,2020-04-21 00:33:09.820
2020-04-21 00:33:10,765858,765916,2020-04-21 00:33:10.875
2020-04-21 00:33:11,765863,765916,2020-04-21 00:33:11.950
2020-04-21 00:33:13,765868,765916,2020-04-21 00:33:13.308
2020-04-21 00:33:14,765874,765916,2020-04-21 00:33:14.431
2020-04-21 00:33:15,765845,765987,2020-04-21 00:33:15.616
2020-04-21 00:33:16,765850,765964,2020-04-21 00:33:16.663
2020-04-21 00:33:17,765791,765954,2020-04-21 00:33:17.722
2020-04-21 00:33:18,765791,765953,2020-04-21 00:33:18.749
2020-04-21 00:33:19,765791,765943,2020-04-21 00:33:19.798
2020-04-21 00:33:20,765791,765922,2020-04-21 00:33:20.854
2020-04-21 00:33:21,765791,765921,2020-04-21 00:33:21.883
2020-04-21 00:33:22,765791,765912,2020-04-21 00:33:22.904
2020-04-21 00:33:23,765791,765907,2020-04-21 00:33:23.916
2020-04-21 00:33:24,765791,765905,2020-04-21 00:33:24.947
2020-04-21 00:33:25,765791,765884,2020-04-21 00:33:25.954
2020-04-21 00:33:27,765501,765700,2020-04-21 00:33:26.985
2020-04-21 00:33:28,765369,765616,2020-04-21 00:33:28.072
2020-04-21 00:33:29,765313,765494,2020-04-21 00:33:29.135
2020-04-21 00:33:30,765261,765494,2020-04-21 00:33:30.167
2020-04-21 00:33:31,765264,765310,2020-04-21 00:33:31.187
2020-04-21 00:33:32,765249,765309,2020-04-21 00:33:32.286
2020-04-21 00:33:33,765193,765200,2020-04-21 00:33:33.322
2020-04-21 00:33:34,765118,765199,2020-04-21 00:33:34.353
2020-04-21 00:33:35,765120,765195,2020-04-21 00:33:35.846
2020-04-21 00:33:36,765200,765504,2020-04-21 00:33:36.967
2020-04-21 00:33:37,765200,765483,2020-04-21 00:33:37.984
2020-04-21 00:33:39,765200,765481,2020-04-21 00:33:39.009
2020-04-21 00:33:40,765200,765476,2020-04-21 00:33:40.091
2020-04-21 00:33:41,765200,765476,2020-04-21 00:33:41.103
2020-04-21 00:33:42,765200,765467,2020-04-21 00:33:42.489
2020-04-21 00:33:43,765200,765446,2020-04-21 00:33:43.612
2020-04-21 00:33:44,765200,765438,2020-04-21 00:33:44.771
2020-04-21 00:33:45,765200,765432,2020-04-21 00:33:45.806
2020-04-21 00:33:46,765200,765430,2020-04-21 00:33:46.827
2020-04-21 00:33:47,765200,765421,2020-04-21 00:33:47.891
2020-04-21 00:33:48,765200,765419,2020-04-21 00:33:48.913
2020-04-21 00:33:50,765200,765411,2020-04-21 00:33:50.030
2020-04-21 00:33:51,765200,765410,2020-04-21 00:33:51.105
2020-04-21 00:33:52,765200,765410,2020-04-21 00:33:52.121
2020-04-21 00:33:53,765200,765389,2020-04-21 00:33:53.138
2020-04-21 00:33:54,765200,765388,2020-04-21 00:33:54.196
2020-04-21 00:33:55,765200,765387,2020-04-21 00:33:55.244
2020-04-21 00:33:56,765200,765379,2020-04-21 00:33:56.253
2020-04-21 00:33:57,765200,765379,2020-04-21 00:33:57.291
2020-04-21 00:33:58,765200,765504,2020-04-21 00:33:58.322
2020-04-21 00:33:59,765200,765504,2020-04-21 00:33:59.364
2020-04-21 00:34:00,765200,765504,2020-04-21 00:34:00.400
2020-04-21 00:34:01,765200,765502,2020-04-21 00:34:01.463
2020-04-21 00:34:02,765200,765643,2020-04-21 00:34:02.480
2020-04-21 00:34:04,765200,765661,2020-04-21 00:34:04.004
2020-04-21 00:34:05,765200,765703,2020-04-21 00:34:05.015
2020-04-21 00:34:06,765248,765658,2020-04-21 00:34:06.103
2020-04-21 00:34:07,765270,765651,2020-04-21 00:34:07.151
2020-04-21 00:34:08,765271,765649,2020-04-21 00:34:08.157
2020-04-21 00:34:09,765277,765640,2020-04-21 00:34:09.192
2020-04-21 00:34:10,765286,765640,2020-04-21 00:34:10.221
2020-04-21 00:34:11,765285,765640,2020-04-21 00:34:11.290
2020-04-21 00:34:12,765293,765639,2020-04-21 00:34:12.358
2020-04-21 00:34:13,765299,765698,2020-04-21 00:34:13.380
2020-04-21 00:34:14,765305,765697,2020-04-21 00:34:14.469
2020-04-21 00:34:15,765306,765697,2020-04-21 00:34:15.634
2020-04-21 00:34:16,765313,765675,2020-04-21 00:34:16.660
2020-04-21 00:34:17,765313,765674,2020-04-21 00:34:17.680
2020-04-21 00:34:18,765313,765666,2020-04-21 00:34:18.712
2020-04-21 00:34:19,765174,765661,2020-04-21 00:34:19.720
2020-04-21 00:34:20,765173,765639,2020-04-21 00:34:20.737
2020-04-21 00:34:21,765166,765634,2020-04-21 00:34:21.923
2020-04-21 00:34:23,765166,765632,2020-04-21 00:34:23.082
2020-04-21 00:34:24,765111,765623,2020-04-21 00:34:24.104
2020-04-21 00:34:25,765111,765509,2020-04-21 00:34:25.121
2020-04-21 00:34:26,765111,765508,2020-04-21 00:34:26.137
2020-04-21 00:34:27,764886,765500,2020-04-21 00:34:27.174
2020-04-21 00:34:28,764783,765267,2020-04-21 00:34:28.486
2020-04-21 00:34:29,764788,765241,2020-04-21 00:34:29.760
2020-04-21 00:34:30,764788,765239,2020-04-21 00:34:30.778
2020-04-21 00:34:31,764788,765230,2020-04-21 00:34:31.785
2020-04-21 00:34:32,764789,765226,2020-04-21 00:34:32.840
2020-04-21 00:34:33,764811,765224,2020-04-21 00:34:33.856
2020-04-21 00:34:34,764812,765215,2020-04-21 00:34:34.890
2020-04-21 00:34:36,764817,765000,2020-04-21 00:34:36.087
2020-04-21 00:34:37,764817,764995,2020-04-21 00:34:37.107
2020-04-21 00:34:38,764782,764981,2020-04-21 00:34:38.154
2020-04-21 00:34:39,764782,764981,2020-04-21 00:34:39.194
2020-04-21 00:34:40,764782,764973,2020-04-21 00:34:40.284
2020-04-21 00:34:41,764800,764968,2020-04-21 00:34:41.379
2020-04-21 00:34:42,764800,764963,2020-04-21 00:34:42.609
2020-04-21 00:34:43,764800,764958,2020-04-21 00:34:43.873
2020-04-21 00:34:44,764782,764957,2020-04-21 00:34:44.902
2020-04-21 00:34:46,764622,764949,2020-04-21 00:34:46.171
2020-04-21 00:34:47,764623,764944,2020-04-21 00:34:47.468
2020-04-21 00:34:48,764784,764953,2020-04-21 00:34:48.513
2020-04-21 00:34:50,764786,764953,2020-04-21 00:34:50.560
2020-04-21 00:34:51,764809,764945,2020-04-21 00:34:51.676
2020-04-21 00:34:52,764815,764958,2020-04-21 00:34:52.883
2020-04-21 00:34:54,764958,765000,2020-04-21 00:34:54.281
2020-04-21 00:34:55,764856,765000,2020-04-21 00:34:55.347
2020-04-21 00:34:56,764913,765000,2020-04-21 00:34:56.995
2020-04-21 00:34:58,764919,765000,2020-04-21 00:34:58.025
2020-04-21 00:34:59,764920,765000,2020-04-21 00:34:59.053
2020-04-21 00:35:00,764925,765000,2020-04-21 00:35:00.066
2020-04-21 00:35:01,764926,765000,2020-04-21 00:35:01.128
2020-04-21 00:35:02,764934,765000,2020-04-21 00:35:02.213
2020-04-21 00:35:03,764936,765000,2020-04-21 00:35:03.254
2020-04-21 00:35:04,764938,765000,2020-04-21 00:35:04.716
2020-04-21 00:35:05,764946,765000,2020-04-21 00:35:05.728
2020-04-21 00:35:06,764947,765607,2020-04-21 00:35:06.758
2020-04-21 00:35:07,765026,765469,2020-04-21 00:35:07.801
2020-04-21 00:35:08,765085,765469,2020-04-21 00:35:08.883
2020-04-21 00:35:09,765087,765469,2020-04-21 00:35:09.942
2020-04-21 00:35:11,765088,765469,2020-04-21 00:35:11.120
2020-04-21 00:35:12,765100,765704,2020-04-21 00:35:12.174
2020-04-21 00:35:13,765101,765683,2020-04-21 00:35:13.278
2020-04-21 00:35:14,765108,765678,2020-04-21 00:35:14.884
2020-04-21 00:35:15,765117,765668,2020-04-21 00:35:15.967
2020-04-21 00:35:17,765123,765663,2020-04-21 00:35:17.362
2020-04-21 00:35:18,765126,765642,2020-04-21 00:35:18.785
2020-04-21 00:35:20,765137,765641,2020-04-21 00:35:20.017
2020-04-21 00:35:21,765141,765641,2020-04-21 00:35:21.410
2020-04-21 00:35:22,765153,765682,2020-04-21 00:35:22.443
2020-04-21 00:35:23,765155,765681,2020-04-21 00:35:23.780
2020-04-21 00:35:24,765166,765681,2020-04-21 00:35:24.937
2020-04-21 00:35:25,765167,765680,2020-04-21 00:35:25.938
2020-04-21 00:35:26,765169,765675,2020-04-21 00:35:26.956
2020-04-21 00:35:27,765207,765672,2020-04-21 00:35:27.981
2020-04-21 00:35:28,765273,765666,2020-04-21 00:35:28.990
2020-04-21 00:35:30,765275,765661,2020-04-21 00:35:30.014
2020-04-21 00:35:31,765280,765882,2020-04-21 00:35:31.233
2020-04-21 00:35:32,765284,765795,2020-04-21 00:35:32.379
2020-04-21 00:35:33,765353,765789,2020-04-21 00:35:33.385
2020-04-21 00:35:34,765354,765867,2020-04-21 00:35:34.733
2020-04-21 00:35:35,765361,765857,2020-04-21 00:35:35.792
2020-04-21 00:35:36,765362,765852,2020-04-21 00:35:36.827
2020-04-21 00:35:37,765390,765845,2020-04-21 00:35:37.900
2020-04-21 00:35:39,765391,765845,2020-04-21 00:35:39.131
2020-04-21 00:35:40,765400,765844,2020-04-21 00:35:40.437
2020-04-21 00:35:41,765410,765880,2020-04-21 00:35:41.455
2020-04-21 00:35:42,765413,765880,2020-04-21 00:35:42.478
2020-04-21 00:35:43,765435,765917,2020-04-21 00:35:43.504
2020-04-21 00:35:44,765441,765915,2020-04-21 00:35:44.539
2020-04-21 00:35:45,765522,765909,2020-04-21 00:35:45.593
2020-04-21 00:35:46,765577,765946,2020-04-21 00:35:46.608
2020-04-21 00:35:47,765590,765900,2020-04-21 00:35:47.640
2020-04-21 00:35:48,765592,766050,2020-04-21 00:35:48.652
2020-04-21 00:35:49,765597,766050,2020-04-21 00:35:49.783
2020-04-21 00:35:50,765664,766050,2020-04-21 00:35:50.786
2020-04-21 00:35:52,765665,766055,2020-04-21 00:35:52.117
2020-04-21 00:35:53,765684,766055,2020-04-21 00:35:53.334
2020-04-21 00:35:54,765690,766055,2020-04-21 00:35:54.645
2020-04-21 00:35:55,765699,766055,2020-04-21 00:35:55.689
2020-04-21 00:35:56,765705,766055,2020-04-21 00:35:56.719
2020-04-21 00:35:57,765710,766055,2020-04-21 00:35:57.759
2020-04-21 00:35:58,765711,766055,2020-04-21 00:35:58.767
2020-04-21 00:35:59,765722,766055,2020-04-21 00:35:59.817
2020-04-21 00:36:00,765728,766055,2020-04-21 00:36:00.928
2020-04-21 00:36:02,765736,766198,2020-04-21 00:36:02.134
2020-04-21 00:36:03,765743,766177,2020-04-21 00:36:03.188
2020-04-21 00:36:04,765744,766176,2020-04-21 00:36:04.195
2020-04-21 00:36:05,765747,766171,2020-04-21 00:36:05.227
2020-04-21 00:36:06,765753,766165,2020-04-21 00:36:06.427
2020-04-21 00:36:08,765756,766164,2020-04-21 00:36:08.954
2020-04-21 00:36:10,765767,766138,2020-04-21 00:36:10.022
2020-04-21 00:36:11,765767,766138,2020-04-21 00:36:11.037
2020-04-21 00:36:12,765777,766132,2020-04-21 00:36:12.077
2020-04-21 00:36:13,765778,766132,2020-04-21 00:36:13.295
2020-04-21 00:36:14,765634,766110,2020-04-21 00:36:14.307
2020-04-21 00:36:15,765639,766105,2020-04-21 00:36:15.428
2020-04-21 00:36:16,765644,766098,2020-04-21 00:36:16.456
2020-04-21 00:36:17,765653,766093,2020-04-21 00:36:17.540
2020-04-21 00:36:18,765655,766094,2020-04-21 00:36:18.554
2020-04-21 00:36:19,765662,766085,2020-04-21 00:36:19.616
2020-04-21 00:36:20,765667,766079,2020-04-21 00:36:20.661
2020-04-21 00:36:21,765668,766074,2020-04-21 00:36:21.707
2020-04-21 00:36:22,765669,766073,2020-04-21 00:36:22.750
2020-04-21 00:36:23,765677,766070,2020-04-21 00:36:23.798
2020-04-21 00:36:24,765677,766069,2020-04-21 00:36:24.869
2020-04-21 00:36:25,765683,766000,2020-04-21 00:36:25.889
2020-04-21 00:36:27,765684,766000,2020-04-21 00:36:27.151
2020-04-21 00:36:28,765691,766000,2020-04-21 00:36:28.191
2020-04-21 00:36:29,765692,766000,2020-04-21 00:36:29.228
2020-04-21 00:36:30,765692,766000,2020-04-21 00:36:30.268
2020-04-21 00:36:31,766000,766016,2020-04-21 00:36:31.278
2020-04-21 00:36:32,766000,766009,2020-04-21 00:36:32.338
2020-04-21 00:36:33,765703,766000,2020-04-21 00:36:33.466
2020-04-21 00:36:34,765706,766008,2020-04-21 00:36:34.490
2020-04-21 00:36:35,765711,766013,2020-04-21 00:36:35.540
2020-04-21 00:36:36,765711,766013,2020-04-21 00:36:36.860
2020-04-21 00:36:37,765719,766013,2020-04-21 00:36:37.952
2020-04-21 00:36:39,765719,766011,2020-04-21 00:36:39.027
2020-04-21 00:36:40,765725,766003,2020-04-21 00:36:40.122
2020-04-21 00:36:41,765730,766002,2020-04-21 00:36:41.269
2020-04-21 00:36:42,765730,766004,2020-04-21 00:36:42.788
2020-04-21 00:36:44,765736,766000,2020-04-21 00:36:44.028
2020-04-21 00:36:45,765737,765999,2020-04-21 00:36:45.254
2020-04-21 00:36:46,765738,766059,2020-04-21 00:36:46.272
2020-04-21 00:36:47,765743,766032,2020-04-21 00:36:47.297
2020-04-21 00:36:48,765740,766024,2020-04-21 00:36:48.365
2020-04-21 00:36:49,765740,766024,2020-04-21 00:36:49.745
2020-04-21 00:36:50,765740,766017,2020-04-21 00:36:50.785
2020-04-21 00:36:51,765740,766009,2020-04-21 00:36:51.802
2020-04-21 00:36:52,765740,766008,2020-04-21 00:36:52.824
2020-04-21 00:36:53,765740,765982,2020-04-21 00:36:53.840
2020-04-21 00:36:54,765740,765981,2020-04-21 00:36:54.847
2020-04-21 00:36:55,765740,765975,2020-04-21 00:36:55.853
2020-04-21 00:36:56,765740,765968,2020-04-21 00:36:56.907
2020-04-21 00:36:57,765740,765968,2020-04-21 00:36:57.979
2020-04-21 00:36:59,765740,765967,2020-04-21 00:36:58.998
2020-04-21 00:37:00,765740,765959,2020-04-21 00:37:00.096
2020-04-21 00:37:01,765671,765938,2020-04-21 00:37:01.131
2020-04-21 00:37:02,765582,765927,2020-04-21 00:37:02.161
2020-04-21 00:37:03,765522,765921,2020-04-21 00:37:03.891
2020-04-21 00:37:04,765352,765793,2020-04-21 00:37:04.916
2020-04-21 00:37:05,765352,765771,2020-04-21 00:37:05.928
2020-04-21 00:37:06,765352,765733,2020-04-21 00:37:06.963
2020-04-21 00:37:07,765352,765725,2020-04-21 00:37:07.983
2020-04-21 00:37:09,765352,765720,2020-04-21 00:37:09.019
2020-04-21 00:37:10,765352,765720,2020-04-21 00:37:10.475
2020-04-21 00:37:11,765352,765707,2020-04-21 00:37:11.509
2020-04-21 00:37:13,765186,765686,2020-04-21 00:37:13.074
2020-04-21 00:37:14,765196,765680,2020-04-21 00:37:14.215
2020-04-21 00:37:15,765194,765678,2020-04-21 00:37:15.222
2020-04-21 00:37:16,765204,765671,2020-04-21 00:37:16.291
2020-04-21 00:37:17,765204,765648,2020-04-21 00:37:17.938
2020-04-21 00:37:19,765202,765639,2020-04-21 00:37:19.034
2020-04-21 00:37:20,765202,765633,2020-04-21 00:37:20.060
2020-04-21 00:37:21,765202,765625,2020-04-21 00:37:21.090
2020-04-21 00:37:22,765050,765489,2020-04-21 00:37:22.161
2020-04-21 00:37:23,765050,765489,2020-04-21 00:37:23.696
2020-04-21 00:37:24,765058,765479,2020-04-21 00:37:24.769
2020-04-21 00:37:26,765064,765454,2020-04-21 00:37:26.033
2020-04-21 00:37:27,765064,765454,2020-04-21 00:37:27.307
2020-04-21 00:37:28,764945,765440,2020-04-21 00:37:28.355
2020-04-21 00:37:29,764953,765432,2020-04-21 00:37:29.404
2020-04-21 00:37:30,764953,765431,2020-04-21 00:37:30.417
2020-04-21 00:37:31,764950,765424,2020-04-21 00:37:31.490
2020-04-21 00:37:32,764950,765417,2020-04-21 00:37:32.494
2020-04-21 00:37:33,764937,765411,2020-04-21 00:37:33.546
2020-04-21 00:37:34,765000,765409,2020-04-21 00:37:34.610
2020-04-21 00:37:35,765000,765402,2020-04-21 00:37:35.635
2020-04-21 00:37:36,765000,765396,2020-04-21 00:37:36.776
2020-04-21 00:37:37,765000,765390,2020-04-21 00:37:37.793
2020-04-21 00:37:38,765000,765388,2020-04-21 00:37:38.855
2020-04-21 00:37:39,765000,765381,2020-04-21 00:37:39.868
2020-04-21 00:37:40,765000,765369,2020-04-21 00:37:40.895
2020-04-21 00:37:41,764933,765368,2020-04-21 00:37:41.933
2020-04-21 00:37:42,765021,765371,2020-04-21 00:37:42.976
2020-04-21 00:37:44,765022,765365,2020-04-21 00:37:44.015
2020-04-21 00:37:45,765028,765362,2020-04-21 00:37:45.023
2020-04-21 00:37:46,765033,765362,2020-04-21 00:37:46.044
2020-04-21 00:37:47,765038,765354,2020-04-21 00:37:47.089
2020-04-21 00:37:48,765065,765400,2020-04-21 00:37:48.110
2020-04-21 00:37:49,765070,765400,2020-04-21 00:37:49.168
2020-04-21 00:37:50,765079,765300,2020-04-21 00:37:50.515
2020-04-21 00:37:51,765088,765300,2020-04-21 00:37:51.528
2020-04-21 00:37:52,765250,765300,2020-04-21 00:37:52.870
2020-04-21 00:37:54,765255,765300,2020-04-21 00:37:54.051
2020-04-21 00:37:55,765255,765826,2020-04-21 00:37:55.095
2020-04-21 00:37:56,765277,765825,2020-04-21 00:37:56.130
2020-04-21 00:37:57,765286,765825,2020-04-21 00:37:57.193
2020-04-21 00:37:58,765324,765823,2020-04-21 00:37:58.287
2020-04-21 00:37:59,765329,765821,2020-04-21 00:37:59.319
2020-04-21 00:38:00,765330,765821,2020-04-21 00:38:00.436
2020-04-21 00:38:01,765337,765819,2020-04-21 00:38:01.534
2020-04-21 00:38:02,765342,765798,2020-04-21 00:38:02.550
2020-04-21 00:38:03,765350,765797,2020-04-21 00:38:03.568
2020-04-21 00:38:04,765353,765796,2020-04-21 00:38:04.581
2020-04-21 00:38:05,765309,765795,2020-04-21 00:38:05.587
2020-04-21 00:38:06,765310,765785,2020-04-21 00:38:06.772
2020-04-21 00:38:07,765309,765759,2020-04-21 00:38:07.855
2020-04-21 00:38:08,765311,765758,2020-04-21 00:38:08.927
2020-04-21 00:38:09,765315,765749,2020-04-21 00:38:09.936
2020-04-21 00:38:10,765316,765743,2020-04-21 00:38:10.986
2020-04-21 00:38:12,765323,765739,2020-04-21 00:38:12.126
2020-04-21 00:38:13,765324,765737,2020-04-21 00:38:13.143
2020-04-21 00:38:14,765341,765739,2020-04-21 00:38:14.180
2020-04-21 00:38:15,765346,765732,2020-04-21 00:38:15.326
2020-04-21 00:38:16,765343,765731,2020-04-21 00:38:16.357
2020-04-21 00:38:17,765350,765729,2020-04-21 00:38:17.384
2020-04-21 00:38:18,765354,765725,2020-04-21 00:38:18.427
2020-04-21 00:38:19,765354,765723,2020-04-21 00:38:19.457
2020-04-21 00:38:20,765325,765703,2020-04-21 00:38:20.486
2020-04-21 00:38:21,765322,765697,2020-04-21 00:38:21.504
2020-04-21 00:38:22,765322,765695,2020-04-21 00:38:22.645
2020-04-21 00:38:23,765309,765667,2020-04-21 00:38:23.715
2020-04-21 00:38:24,765309,765667,2020-04-21 00:38:24.776
2020-04-21 00:38:25,765309,765656,2020-04-21 00:38:25.807
2020-04-21 00:38:27,765309,765655,2020-04-21 00:38:27.324
2020-04-21 00:38:28,765309,765626,2020-04-21 00:38:28.331
2020-04-21 00:38:29,765309,765620,2020-04-21 00:38:29.339
2020-04-21 00:38:30,765309,765616,2020-04-21 00:38:30.369
2020-04-21 00:38:31,765309,765611,2020-04-21 00:38:31.386
2020-04-21 00:38:32,765309,765607,2020-04-21 00:38:32.418
2020-04-21 00:38:33,765309,765600,2020-04-21 00:38:33.433
2020-04-21 00:38:34,765309,765594,2020-04-21 00:38:34.825
2020-04-21 00:38:35,765309,765586,2020-04-21 00:38:35.836
2020-04-21 00:38:36,765309,765581,2020-04-21 00:38:36.840
2020-04-21 00:38:37,765309,765578,2020-04-21 00:38:37.878
2020-04-21 00:38:38,765309,765571,2020-04-21 00:38:38.962
2020-04-21 00:38:39,765309,765563,2020-04-21 00:38:39.991
2020-04-21 00:38:41,765309,765557,2020-04-21 00:38:41.291
2020-04-21 00:38:42,765309,765551,2020-04-21 00:38:42.377
2020-04-21 00:38:43,765309,765547,2020-04-21 00:38:43.612
2020-04-21 00:38:44,765309,765540,2020-04-21 00:38:44.648
2020-04-21 00:38:45,765330,765533,2020-04-21 00:38:45.703
2020-04-21 00:38:46,765330,765533,2020-04-21 00:38:46.717
2020-04-21 00:38:48,765309,765533,2020-04-21 00:38:48.303
2020-04-21 00:38:49,765309,765526,2020-04-21 00:38:49.324
2020-04-21 00:38:50,765309,765521,2020-04-21 00:38:50.357
2020-04-21 00:38:51,765309,765517,2020-04-21 00:38:51.378
2020-04-21 00:38:52,765309,765514,2020-04-21 00:38:52.396
2020-04-21 00:38:53,765309,765509,2020-04-21 00:38:53.459
2020-04-21 00:38:54,765309,765507,2020-04-21 00:38:54.539
2020-04-21 00:38:55,765066,765503,2020-04-21 00:38:55.652
2020-04-21 00:38:56,765074,765501,2020-04-21 00:38:56.775
2020-04-21 00:38:57,765074,765494,2020-04-21 00:38:57.795
2020-04-21 00:38:58,765079,765489,2020-04-21 00:38:58.851
2020-04-21 00:38:59,765087,765486,2020-04-21 00:38:59.918
2020-04-21 00:39:00,765082,765480,2020-04-21 00:39:00.937
2020-04-21 00:39:02,765078,765478,2020-04-21 00:39:02.236
2020-04-21 00:39:03,765090,765471,2020-04-21 00:39:03.244
2020-04-21 00:39:04,764873,765466,2020-04-21 00:39:04.286
2020-04-21 00:39:05,764732,764774,2020-04-21 00:39:05.293
2020-04-21 00:39:06,764732,764774,2020-04-21 00:39:06.303
2020-04-21 00:39:07,764732,764769,2020-04-21 00:39:07.335
2020-04-21 00:39:08,764729,764769,2020-04-21 00:39:08.453
2020-04-21 00:39:09,764729,764769,2020-04-21 00:39:09.718
2020-04-21 00:39:10,764795,765038,2020-04-21 00:39:10.736
2020-04-21 00:39:11,764779,765038,2020-04-21 00:39:11.789
2020-04-21 00:39:12,764779,765038,2020-04-21 00:39:12.793
2020-04-21 00:39:13,764765,764955,2020-04-21 00:39:13.846
2020-04-21 00:39:14,764771,765033,2020-04-21 00:39:14.897
2020-04-21 00:39:15,764772,765136,2020-04-21 00:39:15.958
2020-04-21 00:39:17,764797,765131,2020-04-21 00:39:17.074
2020-04-21 00:39:18,764802,765270,2020-04-21 00:39:18.102
2020-04-21 00:39:19,764810,765126,2020-04-21 00:39:19.195
2020-04-21 00:39:20,764816,765126,2020-04-21 00:39:20.228
2020-04-21 00:39:21,764837,765256,2020-04-21 00:39:21.249
2020-04-21 00:39:22,764843,765249,2020-04-21 00:39:22.294
2020-04-21 00:39:23,764843,765249,2020-04-21 00:39:23.472
2020-04-21 00:39:24,764851,765244,2020-04-21 00:39:24.487
2020-04-21 00:39:25,764851,765243,2020-04-21 00:39:25.525
2020-04-21 00:39:26,764850,765235,2020-04-21 00:39:26.578
2020-04-21 00:39:27,764786,765231,2020-04-21 00:39:27.594
2020-04-21 00:39:28,764819,765210,2020-04-21 00:39:28.628
2020-04-21 00:39:29,764825,765205,2020-04-21 00:39:29.653
2020-04-21 00:39:30,764833,765202,2020-04-21 00:39:30.660
2020-04-21 00:39:31,764834,765202,2020-04-21 00:39:31.832
2020-04-21 00:39:33,764860,765194,2020-04-21 00:39:33.041
2020-04-21 00:39:34,764861,765285,2020-04-21 00:39:34.053
2020-04-21 00:39:35,764866,765285,2020-04-21 00:39:35.085
2020-04-21 00:39:36,764875,765285,2020-04-21 00:39:36.107
2020-04-21 00:39:37,764881,765324,2020-04-21 00:39:37.146
2020-04-21 00:39:38,764889,765318,2020-04-21 00:39:38.172
2020-04-21 00:39:39,764910,765318,2020-04-21 00:39:39.603
2020-04-21 00:39:40,764940,765311,2020-04-21 00:39:40.618
2020-04-21 00:39:41,764940,765560,2020-04-21 00:39:41.634
2020-04-21 00:39:42,765434,765559,2020-04-21 00:39:42.657
2020-04-21 00:39:43,765434,765565,2020-04-21 00:39:43.907
2020-04-21 00:39:45,765439,765597,2020-04-21 00:39:45.005
2020-04-21 00:39:46,765607,765597,2020-04-21 00:39:46.012
2020-04-21 00:39:47,765608,765597,2020-04-21 00:39:47.023
2020-04-21 00:39:48,765604,765597,2020-04-21 00:39:48.185
2020-04-21 00:39:49,765439,765597,2020-04-21 00:39:49.224
2020-04-21 00:39:50,765439,765597,2020-04-21 00:39:50.387
2020-04-21 00:39:51,765439,765597,2020-04-21 00:39:51.603
2020-04-21 00:39:52,765439,765597,2020-04-21 00:39:52.673
2020-04-21 00:39:53,765439,765597,2020-04-21 00:39:53.928
2020-04-21 00:39:54,765439,765597,2020-04-21 00:39:54.958
2020-04-21 00:39:56,765439,765597,2020-04-21 00:39:56.024
2020-04-21 00:39:57,765439,765597,2020-04-21 00:39:57.081
2020-04-21 00:39:58,765439,765597,2020-04-21 00:39:58.119
2020-04-21 00:39:59,765439,765597,2020-04-21 00:39:59.141
2020-04-21 00:40:00,765439,765597,2020-04-21 00:40:00.149
2020-04-21 00:40:01,765439,765597,2020-04-21 00:40:01.178
2020-04-21 00:40:02,765439,765597,2020-04-21 00:40:02.211
2020-04-21 00:40:03,765439,765597,2020-04-21 00:40:03.353
2020-04-21 00:40:04,765439,765597,2020-04-21 00:40:04.505
2020-04-21 00:40:05,765439,765597,2020-04-21 00:40:05.537
2020-04-21 00:40:06,765439,765597,2020-04-21 00:40:06.709
2020-04-21 00:40:07,765439,765597,2020-04-21 00:40:07.845
2020-04-21 00:40:08,765439,765597,2020-04-21 00:40:08.971
2020-04-21 00:40:10,765439,765597,2020-04-21 00:40:10.020
2020-04-21 00:40:11,765439,765597,2020-04-21 00:40:11.098
2020-04-21 00:40:12,765439,765597,2020-04-21 00:40:12.144
2020-04-21 00:40:13,765439,765597,2020-04-21 00:40:13.343
2020-04-21 00:40:14,765439,765597,2020-04-21 00:40:14.407
2020-04-21 00:40:15,765439,765597,2020-04-21 00:40:15.828
2020-04-21 00:40:16,765439,765693,2020-04-21 00:40:16.856
2020-04-21 00:40:17,765306,765666,2020-04-21 00:40:17.891
2020-04-21 00:40:18,765300,765646,2020-04-21 00:40:18.905
2020-04-21 00:40:19,765301,765641,2020-04-21 00:40:19.933
2020-04-21 00:40:20,765301,765635,2020-04-21 00:40:20.964
2020-04-21 00:40:21,765301,765635,2020-04-21 00:40:21.993
2020-04-21 00:40:23,765300,765635,2020-04-21 00:40:23.024
2020-04-21 00:40:24,765300,765635,2020-04-21 00:40:24.042
2020-04-21 00:40:25,765300,765635,2020-04-21 00:40:25.417
2020-04-21 00:40:26,765300,765635,2020-04-21 00:40:26.859
2020-04-21 00:40:27,765301,765587,2020-04-21 00:40:27.901
2020-04-21 00:40:29,765300,765583,2020-04-21 00:40:29.310
2020-04-21 00:40:30,765300,765574,2020-04-21 00:40:30.321
2020-04-21 00:40:31,765300,765569,2020-04-21 00:40:31.326
2020-04-21 00:40:32,765300,765564,2020-04-21 00:40:32.359
2020-04-21 00:40:33,765300,765560,2020-04-21 00:40:33.372
2020-04-21 00:40:34,765300,765551,2020-04-21 00:40:34.584
2020-04-21 00:40:35,765300,765546,2020-04-21 00:40:35.672
2020-04-21 00:40:36,765300,765541,2020-04-21 00:40:36.727
2020-04-21 00:40:37,765300,765532,2020-04-21 00:40:37.787
2020-04-21 00:40:38,765300,765530,2020-04-21 00:40:38.842
2020-04-21 00:40:39,765300,765521,2020-04-21 00:40:39.927
2020-04-21 00:40:40,765300,765515,2020-04-21 00:40:40.947
2020-04-21 00:40:42,765300,765511,2020-04-21 00:40:42.023
2020-04-21 00:40:43,765300,765507,2020-04-21 00:40:43.677
2020-04-21 00:40:44,765300,765497,2020-04-21 00:40:44.698
2020-04-21 00:40:45,765300,765492,2020-04-21 00:40:45.760
2020-04-21 00:40:46,765300,765487,2020-04-21 00:40:46.987
2020-04-21 00:40:48,765300,765478,2020-04-21 00:40:48.005
2020-04-21 00:40:49,765300,765477,2020-04-21 00:40:49.049
2020-04-21 00:40:50,765300,765473,2020-04-21 00:40:50.116
2020-04-21 00:40:51,765300,765468,2020-04-21 00:40:51.133
2020-04-21 00:40:52,765300,765463,2020-04-21 00:40:52.217
2020-04-21 00:40:53,765300,765454,2020-04-21 00:40:53.939
2020-04-21 00:40:55,765300,765450,2020-04-21 00:40:55.109
2020-04-21 00:40:56,765300,765424,2020-04-21 00:40:56.141
2020-04-21 00:40:57,765300,765422,2020-04-21 00:40:57.154
2020-04-21 00:40:58,765300,765414,2020-04-21 00:40:58.168
2020-04-21 00:40:59,765300,765409,2020-04-21 00:40:59.309
2020-04-21 00:41:00,765300,765400,2020-04-21 00:41:00.839
2020-04-21 00:41:01,765300,765396,2020-04-21 00:41:01.852
2020-04-21 00:41:02,765300,765390,2020-04-21 00:41:02.978
2020-04-21 00:41:04,765300,765385,2020-04-21 00:41:04.003
2020-04-21 00:41:05,765300,765379,2020-04-21 00:41:05.030
2020-04-21 00:41:06,765300,765371,2020-04-21 00:41:06.067
2020-04-21 00:41:07,765300,765370,2020-04-21 00:41:07.157
2020-04-21 00:41:08,765300,765366,2020-04-21 00:41:08.225
2020-04-21 00:41:09,765300,765362,2020-04-21 00:41:09.557
2020-04-21 00:41:10,765300,765356,2020-04-21 00:41:10.584
2020-04-21 00:41:11,765300,765346,2020-04-21 00:41:11.623
2020-04-21 00:41:12,765036,765345,2020-04-21 00:41:12.643
2020-04-21 00:41:14,765010,765340,2020-04-21 00:41:14.081
2020-04-21 00:41:15,765022,765300,2020-04-21 00:41:15.097
2020-04-21 00:41:16,765022,765293,2020-04-21 00:41:16.137
2020-04-21 00:41:17,765022,765291,2020-04-21 00:41:17.163
2020-04-21 00:41:18,765022,765286,2020-04-21 00:41:18.179
2020-04-21 00:41:19,765022,765281,2020-04-21 00:41:19.216
2020-04-21 00:41:20,765022,765273,2020-04-21 00:41:20.241
2020-04-21 00:41:21,765022,765272,2020-04-21 00:41:21.421
2020-04-21 00:41:22,765022,765273,2020-04-21 00:41:22.452
2020-04-21 00:41:24,765028,765268,2020-04-21 00:41:24.253
2020-04-21 00:41:25,765038,765338,2020-04-21 00:41:25.283
2020-04-21 00:41:26,765066,765347,2020-04-21 00:41:26.325
2020-04-21 00:41:27,765074,765347,2020-04-21 00:41:27.338
2020-04-21 00:41:28,765074,765352,2020-04-21 00:41:28.566
2020-04-21 00:41:29,765087,765341,2020-04-21 00:41:29.580
2020-04-21 00:41:30,765079,765320,2020-04-21 00:41:30.614
2020-04-21 00:41:31,765006,765319,2020-04-21 00:41:31.625
2020-04-21 00:41:32,764991,765314,2020-04-21 00:41:32.681
2020-04-21 00:41:33,764980,765306,2020-04-21 00:41:33.760
2020-04-21 00:41:34,764989,765306,2020-04-21 00:41:34.912
2020-04-21 00:41:36,764997,765283,2020-04-21 00:41:36.441
2020-04-21 00:41:37,765002,765279,2020-04-21 00:41:37.810
2020-04-21 00:41:38,764999,765270,2020-04-21 00:41:38.891
2020-04-21 00:41:40,764948,765265,2020-04-21 00:41:40.012
2020-04-21 00:41:41,764949,765260,2020-04-21 00:41:41.238
2020-04-21 00:41:43,764950,765252,2020-04-21 00:41:43.028
2020-04-21 00:41:44,764954,765250,2020-04-21 00:41:44.032
2020-04-21 00:41:45,764954,765245,2020-04-21 00:41:45.039
2020-04-21 00:41:46,764954,765240,2020-04-21 00:41:46.152
2020-04-21 00:41:47,764954,765240,2020-04-21 00:41:47.192
2020-04-21 00:41:48,764955,765232,2020-04-21 00:41:48.219
2020-04-21 00:41:49,764960,765232,2020-04-21 00:41:49.808
2020-04-21 00:41:50,764961,765242,2020-04-21 00:41:50.843
2020-04-21 00:41:51,764971,765249,2020-04-21 00:41:51.950
2020-04-21 00:41:53,764977,765249,2020-04-21 00:41:53.205
2020-04-21 00:41:54,764979,765249,2020-04-21 00:41:54.219
2020-04-21 00:41:55,764979,765249,2020-04-21 00:41:55.316
2020-04-21 00:41:56,764950,765249,2020-04-21 00:41:56.333
2020-04-21 00:41:57,764955,765249,2020-04-21 00:41:57.356
2020-04-21 00:41:58,764951,765249,2020-04-21 00:41:58.382
2020-04-21 00:41:59,764955,765249,2020-04-21 00:41:59.403
2020-04-21 00:42:00,764955,765249,2020-04-21 00:42:00.570
2020-04-21 00:42:01,764960,765249,2020-04-21 00:42:01.610
2020-04-21 00:42:02,764960,765249,2020-04-21 00:42:02.617
2020-04-21 00:42:03,764950,765249,2020-04-21 00:42:03.659
2020-04-21 00:42:04,764955,765249,2020-04-21 00:42:04.673
2020-04-21 00:42:06,764955,765249,2020-04-21 00:42:06.044
2020-04-21 00:42:07,764955,765249,2020-04-21 00:42:07.193
2020-04-21 00:42:08,764955,765249,2020-04-21 00:42:08.401
2020-04-21 00:42:09,764955,765249,2020-04-21 00:42:09.417
2020-04-21 00:42:10,764955,765249,2020-04-21 00:42:10.595
2020-04-21 00:42:11,764951,765249,2020-04-21 00:42:11.687
2020-04-21 00:42:12,764955,765244,2020-04-21 00:42:12.744
2020-04-21 00:42:13,764955,765244,2020-04-21 00:42:13.813
2020-04-21 00:42:15,764955,765244,2020-04-21 00:42:15.020
2020-04-21 00:42:16,764968,765231,2020-04-21 00:42:16.040
2020-04-21 00:42:17,764969,765226,2020-04-21 00:42:17.066
2020-04-21 00:42:18,764969,765226,2020-04-21 00:42:18.257
2020-04-21 00:42:19,764963,765217,2020-04-21 00:42:19.426
2020-04-21 00:42:20,764959,765210,2020-04-21 00:42:20.907
2020-04-21 00:42:21,764955,765204,2020-04-21 00:42:21.950
2020-04-21 00:42:23,764955,765196,2020-04-21 00:42:23.005
2020-04-21 00:42:24,764955,765191,2020-04-21 00:42:24.060
2020-04-21 00:42:25,764955,765191,2020-04-21 00:42:25.592
2020-04-21 00:42:26,764955,765190,2020-04-21 00:42:26.856
2020-04-21 00:42:27,764955,765188,2020-04-21 00:42:27.931
2020-04-21 00:42:28,764955,765183,2020-04-21 00:42:28.934
2020-04-21 00:42:30,764955,765182,2020-04-21 00:42:30.188
2020-04-21 00:42:31,764955,765173,2020-04-21 00:42:31.277
2020-04-21 00:42:32,764955,765168,2020-04-21 00:42:32.505
2020-04-21 00:42:33,764955,765167,2020-04-21 00:42:33.574
2020-04-21 00:42:34,764955,765000,2020-04-21 00:42:34.604
2020-04-21 00:42:35,764955,765000,2020-04-21 00:42:35.630
2020-04-21 00:42:36,764955,764995,2020-04-21 00:42:36.660
2020-04-21 00:42:37,764955,764995,2020-04-21 00:42:37.779
2020-04-21 00:42:38,764955,764995,2020-04-21 00:42:38.799
2020-04-21 00:42:39,764955,764995,2020-04-21 00:42:39.863
2020-04-21 00:42:40,764955,764990,2020-04-21 00:42:40.944
2020-04-21 00:42:42,764955,764990,2020-04-21 00:42:42.225
2020-04-21 00:42:43,764956,764995,2020-04-21 00:42:43.280
2020-04-21 00:42:44,764956,765000,2020-04-21 00:42:44.296
2020-04-21 00:42:45,764956,765000,2020-04-21 00:42:45.349
2020-04-21 00:42:46,764956,765000,2020-04-21 00:42:46.596
2020-04-21 00:42:47,764956,765000,2020-04-21 00:42:47.907
2020-04-21 00:42:48,764956,765000,2020-04-21 00:42:48.919
2020-04-21 00:42:50,764956,765000,2020-04-21 00:42:50.016
2020-04-21 00:42:51,764956,765000,2020-04-21 00:42:51.066
2020-04-21 00:42:52,764956,765000,2020-04-21 00:42:52.111
2020-04-21 00:42:53,764956,765000,2020-04-21 00:42:53.197
2020-04-21 00:42:55,764956,765000,2020-04-21 00:42:55.029
2020-04-21 00:42:56,764800,764950,2020-04-21 00:42:56.663
2020-04-21 00:42:57,764455,764650,2020-04-21 00:42:57.682
2020-04-21 00:42:58,764501,764645,2020-04-21 00:42:58.721
2020-04-21 00:42:59,764501,764645,2020-04-21 00:42:59.772
2020-04-21 00:43:00,764501,764642,2020-04-21 00:43:00.864
2020-04-21 00:43:01,764501,764637,2020-04-21 00:43:01.924
2020-04-21 00:43:03,764501,764613,2020-04-21 00:43:03.615
2020-04-21 00:43:04,764455,764608,2020-04-21 00:43:04.654
2020-04-21 00:43:05,764456,764608,2020-04-21 00:43:05.691
2020-04-21 00:43:06,764477,764608,2020-04-21 00:43:06.697
2020-04-21 00:43:07,764478,764608,2020-04-21 00:43:07.712
2020-04-21 00:43:08,764478,764608,2020-04-21 00:43:08.883
2020-04-21 00:43:10,764477,764637,2020-04-21 00:43:10.039
2020-04-21 00:43:11,764482,764632,2020-04-21 00:43:11.073
2020-04-21 00:43:12,764506,764635,2020-04-21 00:43:12.092
2020-04-21 00:43:13,764506,764630,2020-04-21 00:43:13.127
2020-04-21 00:43:14,764506,764630,2020-04-21 00:43:14.200
2020-04-21 00:43:15,764462,764630,2020-04-21 00:43:15.246
2020-04-21 00:43:16,764455,764629,2020-04-21 00:43:16.256
2020-04-21 00:43:17,764455,764629,2020-04-21 00:43:17.332
2020-04-21 00:43:18,764455,764608,2020-04-21 00:43:18.365
2020-04-21 00:43:19,764455,764603,2020-04-21 00:43:19.396
2020-04-21 00:43:20,764375,764601,2020-04-21 00:43:20.412
2020-04-21 00:43:21,764375,764601,2020-04-21 00:43:21.513
2020-04-21 00:43:22,764347,764416,2020-04-21 00:43:22.524
2020-04-21 00:43:23,764200,764416,2020-04-21 00:43:23.540
2020-04-21 00:43:24,764200,764372,2020-04-21 00:43:24.558
2020-04-21 00:43:25,764200,764330,2020-04-21 00:43:25.573
2020-04-21 00:43:26,764200,764315,2020-04-21 00:43:26.609
2020-04-21 00:43:28,764200,764315,2020-04-21 00:43:28.635
2020-04-21 00:43:30,764200,764315,2020-04-21 00:43:30.011
2020-04-21 00:43:32,764000,764038,2020-04-21 00:43:32.840
2020-04-21 00:43:33,764000,764037,2020-04-21 00:43:33.868
2020-04-21 00:43:34,764000,764007,2020-04-21 00:43:34.929
2020-04-21 00:43:36,764000,764136,2020-04-21 00:43:36.085
2020-04-21 00:43:37,763883,763997,2020-04-21 00:43:37.094
2020-04-21 00:43:38,763883,764135,2020-04-21 00:43:38.138
2020-04-21 00:43:39,763950,764130,2020-04-21 00:43:39.188
2020-04-21 00:43:40,763953,764030,2020-04-21 00:43:40.212
2020-04-21 00:43:41,764098,764119,2020-04-21 00:43:41.233
2020-04-21 00:43:42,763950,764125,2020-04-21 00:43:42.263
2020-04-21 00:43:44,763950,764134,2020-04-21 00:43:44.044
2020-04-21 00:43:45,763950,764129,2020-04-21 00:43:45.063
2020-04-21 00:43:46,763950,764126,2020-04-21 00:43:46.071
2020-04-21 00:43:47,763853,764121,2020-04-21 00:43:47.085
2020-04-21 00:43:48,763856,764160,2020-04-21 00:43:48.100
2020-04-21 00:43:49,763858,764160,2020-04-21 00:43:49.226
2020-04-21 00:43:50,763863,764188,2020-04-21 00:43:50.535
2020-04-21 00:43:51,763868,764201,2020-04-21 00:43:51.904
2020-04-21 00:43:52,763877,764328,2020-04-21 00:43:52.926
2020-04-21 00:43:53,764162,764491,2020-04-21 00:43:53.968
2020-04-21 00:43:55,764164,764496,2020-04-21 00:43:55.046
2020-04-21 00:43:56,764168,764645,2020-04-21 00:43:56.053
2020-04-21 00:43:57,764170,764650,2020-04-21 00:43:57.096
2020-04-21 00:43:58,764646,764913,2020-04-21 00:43:58.466
2020-04-21 00:43:59,764240,764913,2020-04-21 00:43:59.489
2020-04-21 00:44:00,764652,764892,2020-04-21 00:44:00.510
2020-04-21 00:44:01,764411,764887,2020-04-21 00:44:01.531
2020-04-21 00:44:02,764241,764887,2020-04-21 00:44:02.825
2020-04-21 00:44:03,764420,764882,2020-04-21 00:44:03.937
2020-04-21 00:44:04,764420,764882,2020-04-21 00:44:04.988
2020-04-21 00:44:06,764390,764397,2020-04-21 00:44:05.996
2020-04-21 00:44:07,764244,764397,2020-04-21 00:44:07.042
2020-04-21 00:44:08,764244,764397,2020-04-21 00:44:08.044
2020-04-21 00:44:09,764405,764877,2020-04-21 00:44:09.100
2020-04-21 00:44:10,764405,764877,2020-04-21 00:44:10.337
2020-04-21 00:44:11,764467,764868,2020-04-21 00:44:11.341
2020-04-21 00:44:12,764468,764863,2020-04-21 00:44:12.348
2020-04-21 00:44:13,764473,764862,2020-04-21 00:44:13.441
2020-04-21 00:44:14,764475,764839,2020-04-21 00:44:14.662
2020-04-21 00:44:15,764481,764838,2020-04-21 00:44:15.763
2020-04-21 00:44:16,764483,764838,2020-04-21 00:44:16.844
2020-04-21 00:44:17,764488,764833,2020-04-21 00:44:17.930
2020-04-21 00:44:19,764489,764833,2020-04-21 00:44:19.044
2020-04-21 00:44:20,764499,764878,2020-04-21 00:44:20.065
2020-04-21 00:44:21,764499,764875,2020-04-21 00:44:21.091
2020-04-21 00:44:22,764504,764874,2020-04-21 00:44:22.130
2020-04-21 00:44:23,764517,764869,2020-04-21 00:44:23.327
2020-04-21 00:44:24,764518,764868,2020-04-21 00:44:24.373
2020-04-21 00:44:25,764526,764869,2020-04-21 00:44:25.539
2020-04-21 00:44:26,764534,764995,2020-04-21 00:44:26.688
2020-04-21 00:44:27,764540,764974,2020-04-21 00:44:27.729
2020-04-21 00:44:28,764524,764531,2020-04-21 00:44:28.842
2020-04-21 00:44:29,764500,764531,2020-04-21 00:44:29.868
2020-04-21 00:44:30,764531,764952,2020-04-21 00:44:30.890
2020-04-21 00:44:32,764531,764851,2020-04-21 00:44:32.037
2020-04-21 00:44:33,764532,764826,2020-04-21 00:44:33.075
2020-04-21 00:44:34,764536,764818,2020-04-21 00:44:34.115
2020-04-21 00:44:35,764509,764814,2020-04-21 00:44:35.134
2020-04-21 00:44:36,764165,764813,2020-04-21 00:44:36.184
2020-04-21 00:44:37,764510,764812,2020-04-21 00:44:37.208
2020-04-21 00:44:38,764511,764807,2020-04-21 00:44:38.706
2020-04-21 00:44:39,764513,764800,2020-04-21 00:44:39.832
2020-04-21 00:44:40,764192,764799,2020-04-21 00:44:40.886
2020-04-21 00:44:41,764200,764795,2020-04-21 00:44:41.947
2020-04-21 00:44:43,764205,764792,2020-04-21 00:44:42.988
2020-04-21 00:44:44,764206,764792,2020-04-21 00:44:44.538
2020-04-21 00:44:45,764217,764790,2020-04-21 00:44:45.557
2020-04-21 00:44:46,764220,764785,2020-04-21 00:44:46.572
2020-04-21 00:44:47,764229,764780,2020-04-21 00:44:47.775
2020-04-21 00:44:48,764234,764774,2020-04-21 00:44:48.862
2020-04-21 00:44:49,764239,764772,2020-04-21 00:44:49.986
2020-04-21 00:44:51,764248,764765,2020-04-21 00:44:51.144
2020-04-21 00:44:52,764248,764765,2020-04-21 00:44:52.158
2020-04-21 00:44:53,764256,764758,2020-04-21 00:44:53.185
2020-04-21 00:44:54,764264,764750,2020-04-21 00:44:54.470
2020-04-21 00:44:55,764274,764744,2020-04-21 00:44:55.493
2020-04-21 00:44:56,764275,764739,2020-04-21 00:44:56.556
2020-04-21 00:44:57,764275,764739,2020-04-21 00:44:57.651
2020-04-21 00:44:58,764280,764738,2020-04-21 00:44:58.662
2020-04-21 00:44:59,764400,764796,2020-04-21 00:44:59.678
2020-04-21 00:45:00,764406,764796,2020-04-21 00:45:00.688
2020-04-21 00:45:01,764413,764795,2020-04-21 00:45:01.778
2020-04-21 00:45:02,764416,764787,2020-04-21 00:45:02.879
2020-04-21 00:45:03,764421,764787,2020-04-21 00:45:03.916
2020-04-21 00:45:04,764424,764786,2020-04-21 00:45:04.960
2020-04-21 00:45:06,764432,764782,2020-04-21 00:45:06.206
2020-04-21 00:45:07,764426,764781,2020-04-21 00:45:07.273
2020-04-21 00:45:08,764426,764773,2020-04-21 00:45:08.645
2020-04-21 00:45:09,764410,764772,2020-04-21 00:45:09.671
2020-04-21 00:45:11,764422,764763,2020-04-21 00:45:11.239
2020-04-21 00:45:12,764429,764763,2020-04-21 00:45:12.300
2020-04-21 00:45:13,764436,764763,2020-04-21 00:45:13.400
2020-04-21 00:45:14,764442,764757,2020-04-21 00:45:14.639
2020-04-21 00:45:15,764442,764757,2020-04-21 00:45:15.678
2020-04-21 00:45:16,764444,764751,2020-04-21 00:45:16.716
2020-04-21 00:45:17,764414,764751,2020-04-21 00:45:17.736
2020-04-21 00:45:18,764414,764749,2020-04-21 00:45:18.765
2020-04-21 00:45:19,764400,764741,2020-04-21 00:45:19.782
2020-04-21 00:45:20,764405,764739,2020-04-21 00:45:20.817
2020-04-21 00:45:21,764405,764731,2020-04-21 00:45:21.873
2020-04-21 00:45:22,764400,764724,2020-04-21 00:45:22.911
2020-04-21 00:45:23,764405,764723,2020-04-21 00:45:23.947
2020-04-21 00:45:25,764405,764715,2020-04-21 00:45:25.391
2020-04-21 00:45:26,764207,764691,2020-04-21 00:45:26.395
2020-04-21 00:45:27,764207,764682,2020-04-21 00:45:27.429
2020-04-21 00:45:28,764071,764677,2020-04-21 00:45:28.444
2020-04-21 00:45:29,763961,764522,2020-04-21 00:45:29.510
2020-04-21 00:45:30,763830,764318,2020-04-21 00:45:30.795
2020-04-21 00:45:31,763831,764318,2020-04-21 00:45:31.906
2020-04-21 00:45:32,763840,764316,2020-04-21 00:45:32.968
2020-04-21 00:45:34,763846,764311,2020-04-21 00:45:34.372
2020-04-21 00:45:35,763855,764237,2020-04-21 00:45:35.670
2020-04-21 00:45:36,763860,764237,2020-04-21 00:45:36.780
2020-04-21 00:45:37,763861,764237,2020-04-21 00:45:37.803
2020-04-21 00:45:39,763868,764237,2020-04-21 00:45:39.094
2020-04-21 00:45:40,763870,764237,2020-04-21 00:45:40.136
2020-04-21 00:45:41,763878,764237,2020-04-21 00:45:41.165
2020-04-21 00:45:42,763884,764237,2020-04-21 00:45:42.191
2020-04-21 00:45:43,763885,764237,2020-04-21 00:45:43.277
2020-04-21 00:45:44,763885,764232,2020-04-21 00:45:44.306
2020-04-21 00:45:45,763818,764113,2020-04-21 00:45:45.448
2020-04-21 00:45:46,763728,764113,2020-04-21 00:45:46.496
2020-04-21 00:45:47,763734,764113,2020-04-21 00:45:47.512
2020-04-21 00:45:48,763736,764113,2020-04-21 00:45:48.535
2020-04-21 00:45:49,763706,764164,2020-04-21 00:45:49.547
2020-04-21 00:45:50,763676,763731,2020-04-21 00:45:50.600
2020-04-21 00:45:51,763678,764154,2020-04-21 00:45:51.637
2020-04-21 00:45:52,763620,764144,2020-04-21 00:45:52.786
2020-04-21 00:45:53,763634,764062,2020-04-21 00:45:53.889
2020-04-21 00:45:54,763642,764054,2020-04-21 00:45:54.973
2020-04-21 00:45:56,763720,764048,2020-04-21 00:45:56.069
2020-04-21 00:45:57,763655,764048,2020-04-21 00:45:57.094
2020-04-21 00:45:58,763661,764035,2020-04-21 00:45:58.198
2020-04-21 00:45:59,763662,764033,2020-04-21 00:45:59.253
2020-04-21 00:46:00,763663,764033,2020-04-21 00:46:00.288
2020-04-21 00:46:01,763680,764026,2020-04-21 00:46:01.296
2020-04-21 00:46:02,763680,764022,2020-04-21 00:46:02.422
2020-04-21 00:46:03,763680,764016,2020-04-21 00:46:03.474
2020-04-21 00:46:04,763632,764010,2020-04-21 00:46:04.521
2020-04-21 00:46:05,763640,764002,2020-04-21 00:46:05.533
2020-04-21 00:46:06,763640,763997,2020-04-21 00:46:06.560
2020-04-21 00:46:07,763640,763996,2020-04-21 00:46:07.775
2020-04-21 00:46:08,763649,763982,2020-04-21 00:46:08.803
2020-04-21 00:46:09,763655,763906,2020-04-21 00:46:09.823
2020-04-21 00:46:10,763663,763902,2020-04-21 00:46:10.862
2020-04-21 00:46:11,763663,763900,2020-04-21 00:46:11.886
2020-04-21 00:46:12,763663,763894,2020-04-21 00:46:12.913
2020-04-21 00:46:14,763671,763886,2020-04-21 00:46:14.534
2020-04-21 00:46:16,763673,763886,2020-04-21 00:46:16.043
2020-04-21 00:46:17,763594,763877,2020-04-21 00:46:17.597
2020-04-21 00:46:18,763594,763873,2020-04-21 00:46:18.656
2020-04-21 00:46:19,763594,763851,2020-04-21 00:46:19.692
2020-04-21 00:46:20,763594,763845,2020-04-21 00:46:20.725
2020-04-21 00:46:21,763594,763841,2020-04-21 00:46:21.990
2020-04-21 00:46:23,763594,763834,2020-04-21 00:46:23.041
2020-04-21 00:46:24,763594,763831,2020-04-21 00:46:24.122
2020-04-21 00:46:25,763594,763806,2020-04-21 00:46:25.128
2020-04-21 00:46:26,763594,763800,2020-04-21 00:46:26.171
2020-04-21 00:46:27,763594,763792,2020-04-21 00:46:27.218
2020-04-21 00:46:28,763594,763786,2020-04-21 00:46:28.228
2020-04-21 00:46:29,763594,763784,2020-04-21 00:46:29.268
2020-04-21 00:46:30,763594,763715,2020-04-21 00:46:30.502
2020-04-21 00:46:31,763594,763706,2020-04-21 00:46:31.524
2020-04-21 00:46:32,763594,763706,2020-04-21 00:46:32.554
2020-04-21 00:46:33,763594,763710,2020-04-21 00:46:33.719
2020-04-21 00:46:34,763594,763710,2020-04-21 00:46:34.907
2020-04-21 00:46:35,763594,763928,2020-04-21 00:46:35.970
2020-04-21 00:46:37,763594,764076,2020-04-21 00:46:37.015
2020-04-21 00:46:38,763594,764075,2020-04-21 00:46:38.143
2020-04-21 00:46:39,763594,764047,2020-04-21 00:46:39.168
2020-04-21 00:46:40,763621,764047,2020-04-21 00:46:40.174
2020-04-21 00:46:41,763629,764281,2020-04-21 00:46:41.271
2020-04-21 00:46:42,763854,764276,2020-04-21 00:46:42.284
2020-04-21 00:46:43,763857,764257,2020-04-21 00:46:43.320
2020-04-21 00:46:44,763874,764252,2020-04-21 00:46:44.544
2020-04-21 00:46:45,763876,764252,2020-04-21 00:46:45.575
2020-04-21 00:46:46,763885,764315,2020-04-21 00:46:46.596
2020-04-21 00:46:47,763893,764294,2020-04-21 00:46:47.724
2020-04-21 00:46:48,763895,764288,2020-04-21 00:46:48.736
2020-04-21 00:46:49,763903,764218,2020-04-21 00:46:49.959
2020-04-21 00:46:50,763910,764218,2020-04-21 00:46:50.978
2020-04-21 00:46:51,763919,764218,2020-04-21 00:46:51.996
2020-04-21 00:46:53,763927,764218,2020-04-21 00:46:53.037
2020-04-21 00:46:54,763950,764218,2020-04-21 00:46:54.055
2020-04-21 00:46:55,763956,764218,2020-04-21 00:46:55.061
2020-04-21 00:46:56,763964,764218,2020-04-21 00:46:56.416
2020-04-21 00:46:57,763971,764218,2020-04-21 00:46:57.534
2020-04-21 00:46:58,763998,764218,2020-04-21 00:46:58.551
2020-04-21 00:46:59,764005,764218,2020-04-21 00:46:59.596
2020-04-21 00:47:00,764012,764218,2020-04-21 00:47:00.629
2020-04-21 00:47:01,764019,764218,2020-04-21 00:47:01.699
2020-04-21 00:47:02,764041,764218,2020-04-21 00:47:02.713
2020-04-21 00:47:04,764048,764218,2020-04-21 00:47:04.376
2020-04-21 00:47:05,764059,764218,2020-04-21 00:47:05.734
2020-04-21 00:47:06,764074,764218,2020-04-21 00:47:06.832
2020-04-21 00:47:07,764080,764218,2020-04-21 00:47:07.873
2020-04-21 00:47:08,764082,764218,2020-04-21 00:47:08.929
2020-04-21 00:47:10,764090,764218,2020-04-21 00:47:10.020
2020-04-21 00:47:11,764090,764218,2020-04-21 00:47:11.173
2020-04-21 00:47:12,764104,764218,2020-04-21 00:47:12.326
2020-04-21 00:47:13,764110,764218,2020-04-21 00:47:13.473
2020-04-21 00:47:14,764116,764218,2020-04-21 00:47:14.599
2020-04-21 00:47:15,764123,764218,2020-04-21 00:47:15.636
2020-04-21 00:47:16,764129,764218,2020-04-21 00:47:16.659
2020-04-21 00:47:18,764136,764218,2020-04-21 00:47:18.015
2020-04-21 00:47:19,764136,764218,2020-04-21 00:47:19.075
2020-04-21 00:47:20,764144,764217,2020-04-21 00:47:20.143
2020-04-21 00:47:21,764139,764467,2020-04-21 00:47:21.187
2020-04-21 00:47:22,764105,764441,2020-04-21 00:47:22.233
2020-04-21 00:47:23,764105,764435,2020-04-21 00:47:23.285
2020-04-21 00:47:24,764105,764430,2020-04-21 00:47:24.384
2020-04-21 00:47:25,764105,764403,2020-04-21 00:47:25.393
2020-04-21 00:47:26,764105,764396,2020-04-21 00:47:26.422
2020-04-21 00:47:27,764105,764395,2020-04-21 00:47:27.437
2020-04-21 00:47:28,764105,764393,2020-04-21 00:47:28.453
2020-04-21 00:47:29,764105,764387,2020-04-21 00:47:29.465
2020-04-21 00:47:30,764105,764366,2020-04-21 00:47:30.690
2020-04-21 00:47:31,764105,764361,2020-04-21 00:47:31.776
2020-04-21 00:47:32,764105,764353,2020-04-21 00:47:32.844
2020-04-21 00:47:33,764105,764331,2020-04-21 00:47:33.865
2020-04-21 00:47:34,764105,764330,2020-04-21 00:47:34.908
2020-04-21 00:47:35,764105,764327,2020-04-21 00:47:35.962
2020-04-21 00:47:37,764105,764362,2020-04-21 00:47:37.053
2020-04-21 00:47:38,764056,764281,2020-04-21 00:47:38.137
2020-04-21 00:47:39,764056,764281,2020-04-21 00:47:39.391
2020-04-21 00:47:40,764059,764279,2020-04-21 00:47:40.827
2020-04-21 00:47:41,764056,764272,2020-04-21 00:47:41.852
2020-04-21 00:47:42,764077,764272,2020-04-21 00:47:42.876
2020-04-21 00:47:43,764078,764277,2020-04-21 00:47:43.908
2020-04-21 00:47:45,764091,764281,2020-04-21 00:47:45.513
2020-04-21 00:47:46,764118,764286,2020-04-21 00:47:46.547
2020-04-21 00:47:47,764123,764286,2020-04-21 00:47:47.578
2020-04-21 00:47:48,764132,764534,2020-04-21 00:47:48.616
2020-04-21 00:47:49,764142,764533,2020-04-21 00:47:49.654
2020-04-21 00:47:50,764165,764519,2020-04-21 00:47:50.712
2020-04-21 00:47:51,764171,764514,2020-04-21 00:47:51.755
2020-04-21 00:47:52,764179,764509,2020-04-21 00:47:52.799
2020-04-21 00:47:53,764187,764509,2020-04-21 00:47:53.808
2020-04-21 00:47:54,764216,764504,2020-04-21 00:47:54.851
2020-04-21 00:47:55,764222,764504,2020-04-21 00:47:55.861
2020-04-21 00:47:56,764229,764549,2020-04-21 00:47:56.886
2020-04-21 00:47:57,764232,764546,2020-04-21 00:47:57.991
2020-04-21 00:47:59,764235,764546,2020-04-21 00:47:59.021
2020-04-21 00:48:00,764240,764541,2020-04-21 00:48:00.101
2020-04-21 00:48:02,764256,764541,2020-04-21 00:48:02.640
2020-04-21 00:48:03,764256,764571,2020-04-21 00:48:03.689
2020-04-21 00:48:04,764238,764571,2020-04-21 00:48:04.701
2020-04-21 00:48:05,764238,764563,2020-04-21 00:48:05.854
2020-04-21 00:48:07,764238,764563,2020-04-21 00:48:07.027
2020-04-21 00:48:08,764037,764554,2020-04-21 00:48:08.181
2020-04-21 00:48:09,764047,764520,2020-04-21 00:48:09.186
2020-04-21 00:48:10,764048,764520,2020-04-21 00:48:10.196
2020-04-21 00:48:11,764053,764513,2020-04-21 00:48:11.204
2020-04-21 00:48:12,764053,764513,2020-04-21 00:48:12.240
2020-04-21 00:48:13,764053,764513,2020-04-21 00:48:13.273
2020-04-21 00:48:14,764053,764513,2020-04-21 00:48:14.315
2020-04-21 00:48:15,764053,764513,2020-04-21 00:48:15.512
2020-04-21 00:48:16,764061,764437,2020-04-21 00:48:16.615
2020-04-21 00:48:17,764062,764430,2020-04-21 00:48:17.644
2020-04-21 00:48:18,764058,764429,2020-04-21 00:48:18.788
2020-04-21 00:48:20,764055,764423,2020-04-21 00:48:20.437
2020-04-21 00:48:21,764055,764423,2020-04-21 00:48:21.469
2020-04-21 00:48:23,764053,764413,2020-04-21 00:48:23.524
2020-04-21 00:48:24,764055,764400,2020-04-21 00:48:24.552
2020-04-21 00:48:25,764051,764400,2020-04-21 00:48:25.733
2020-04-21 00:48:26,764056,764395,2020-04-21 00:48:26.964
2020-04-21 00:48:29,764392,764580,2020-04-21 00:48:29.405
2020-04-21 00:48:30,764392,764580,2020-04-21 00:48:30.419
2020-04-21 00:48:31,764236,764580,2020-04-21 00:48:31.453
2020-04-21 00:48:32,764244,764580,2020-04-21 00:48:32.647
2020-04-21 00:48:33,764244,764580,2020-04-21 00:48:33.988
2020-04-21 00:48:35,764246,764558,2020-04-21 00:48:35.064
2020-04-21 00:48:36,764246,764544,2020-04-21 00:48:36.092
2020-04-21 00:48:37,764236,764538,2020-04-21 00:48:37.142
2020-04-21 00:48:38,764236,764509,2020-04-21 00:48:38.164
2020-04-21 00:48:39,764236,764469,2020-04-21 00:48:39.186
2020-04-21 00:48:40,764236,764464,2020-04-21 00:48:40.637
2020-04-21 00:48:41,764236,764451,2020-04-21 00:48:41.840
2020-04-21 00:48:42,764236,764429,2020-04-21 00:48:42.988
2020-04-21 00:48:44,764236,764419,2020-04-21 00:48:44.022
2020-04-21 00:48:45,764236,764414,2020-04-21 00:48:45.120
2020-04-21 00:48:46,764236,764414,2020-04-21 00:48:46.145
2020-04-21 00:48:47,764236,764409,2020-04-21 00:48:47.643
2020-04-21 00:48:48,764236,764404,2020-04-21 00:48:48.697
2020-04-21 00:48:50,764236,764404,2020-04-21 00:48:50.288
2020-04-21 00:48:51,764236,764394,2020-04-21 00:48:51.308
2020-04-21 00:48:52,764236,764394,2020-04-21 00:48:52.334
2020-04-21 00:48:53,764236,764394,2020-04-21 00:48:53.775
2020-04-21 00:48:55,764236,764565,2020-04-21 00:48:55.008
2020-04-21 00:48:56,764236,764565,2020-04-21 00:48:56.700
2020-04-21 00:48:57,764236,764557,2020-04-21 00:48:57.711
2020-04-21 00:48:58,764236,764557,2020-04-21 00:48:58.822
2020-04-21 00:49:00,764236,764568,2020-04-21 00:49:00.012
2020-04-21 00:49:01,764236,764566,2020-04-21 00:49:01.043
2020-04-21 00:49:02,764236,764566,2020-04-21 00:49:02.452
2020-04-21 00:49:03,764236,764558,2020-04-21 00:49:03.492
2020-04-21 00:49:04,764236,764558,2020-04-21 00:49:04.541
2020-04-21 00:49:05,764236,764552,2020-04-21 00:49:05.605
2020-04-21 00:49:06,764236,764552,2020-04-21 00:49:06.650
2020-04-21 00:49:08,764236,764552,2020-04-21 00:49:08.301
2020-04-21 00:49:09,764236,764549,2020-04-21 00:49:09.849
2020-04-21 00:49:10,764236,764566,2020-04-21 00:49:10.887
2020-04-21 00:49:11,764236,764566,2020-04-21 00:49:11.921
2020-04-21 00:49:12,764236,764561,2020-04-21 00:49:12.954
2020-04-21 00:49:14,764236,764558,2020-04-21 00:49:14.008
2020-04-21 00:49:15,764236,764558,2020-04-21 00:49:15.016
2020-04-21 00:49:16,764236,764589,2020-04-21 00:49:16.029
2020-04-21 00:49:17,764236,764584,2020-04-21 00:49:17.113
2020-04-21 00:49:18,764236,764584,2020-04-21 00:49:18.303
2020-04-21 00:49:19,764236,764571,2020-04-21 00:49:19.421
2020-04-21 00:49:20,764239,764571,2020-04-21 00:49:20.454
2020-04-21 00:49:21,764245,764566,2020-04-21 00:49:21.558
2020-04-21 00:49:22,764259,764564,2020-04-21 00:49:22.624
2020-04-21 00:49:23,764280,764564,2020-04-21 00:49:23.650
2020-04-21 00:49:24,764288,764564,2020-04-21 00:49:24.712
2020-04-21 00:49:25,764293,764600,2020-04-21 00:49:25.833
2020-04-21 00:49:26,764301,764600,2020-04-21 00:49:26.869
2020-04-21 00:49:27,764305,764600,2020-04-21 00:49:27.897
2020-04-21 00:49:28,764311,764600,2020-04-21 00:49:28.946
2020-04-21 00:49:30,764319,764600,2020-04-21 00:49:30.000
2020-04-21 00:49:31,764319,764600,2020-04-21 00:49:31.050
2020-04-21 00:49:32,764317,764599,2020-04-21 00:49:32.115
2020-04-21 00:49:33,764323,764594,2020-04-21 00:49:33.163
2020-04-21 00:49:34,764320,764573,2020-04-21 00:49:34.240
2020-04-21 00:49:35,764316,764568,2020-04-21 00:49:35.253
2020-04-21 00:49:36,764316,764567,2020-04-21 00:49:36.834
2020-04-21 00:49:37,764316,764557,2020-04-21 00:49:37.906
2020-04-21 00:49:38,764316,764500,2020-04-21 00:49:38.994
2020-04-21 00:49:40,764316,764495,2020-04-21 00:49:40.016
2020-04-21 00:49:41,764316,764500,2020-04-21 00:49:41.032
2020-04-21 00:49:42,764316,764495,2020-04-21 00:49:42.164
2020-04-21 00:49:43,764316,764495,2020-04-21 00:49:43.213
2020-04-21 00:49:44,764316,764495,2020-04-21 00:49:44.223
2020-04-21 00:49:45,764381,764500,2020-04-21 00:49:45.252
2020-04-21 00:49:46,764385,764783,2020-04-21 00:49:46.306
2020-04-21 00:49:47,764506,764775,2020-04-21 00:49:47.328
2020-04-21 00:49:48,764408,764770,2020-04-21 00:49:48.366
2020-04-21 00:49:49,764409,764767,2020-04-21 00:49:49.479
2020-04-21 00:49:50,764438,764767,2020-04-21 00:49:50.495
2020-04-21 00:49:51,764443,764762,2020-04-21 00:49:51.536
2020-04-21 00:49:52,764443,764762,2020-04-21 00:49:52.565
2020-04-21 00:49:53,764443,764741,2020-04-21 00:49:53.776
2020-04-21 00:49:54,764423,764732,2020-04-21 00:49:54.804
2020-04-21 00:49:55,764423,764732,2020-04-21 00:49:55.826
2020-04-21 00:49:56,764423,764727,2020-04-21 00:49:56.899
2020-04-21 00:49:57,764410,764697,2020-04-21 00:49:57.928
2020-04-21 00:49:59,764410,764693,2020-04-21 00:49:59.008
2020-04-21 00:50:00,764410,764688,2020-04-21 00:50:00.021
2020-04-21 00:50:01,764410,764688,2020-04-21 00:50:01.032
2020-04-21 00:50:02,764410,764658,2020-04-21 00:50:02.052
2020-04-21 00:50:03,764410,764654,2020-04-21 00:50:03.103
2020-04-21 00:50:04,764410,764654,2020-04-21 00:50:04.114
2020-04-21 00:50:05,764410,764625,2020-04-21 00:50:05.135
2020-04-21 00:50:06,764268,764624,2020-04-21 00:50:06.158
2020-04-21 00:50:07,764278,764619,2020-04-21 00:50:07.198
2020-04-21 00:50:08,764278,764618,2020-04-21 00:50:08.413
2020-04-21 00:50:09,764300,764619,2020-04-21 00:50:09.434
2020-04-21 00:50:10,764305,764770,2020-04-21 00:50:10.450
2020-04-21 00:50:11,764306,764816,2020-04-21 00:50:11.461
2020-04-21 00:50:12,764311,764769,2020-04-21 00:50:12.469
2020-04-21 00:50:13,764333,764763,2020-04-21 00:50:13.488
2020-04-21 00:50:14,764340,764755,2020-04-21 00:50:14.500
2020-04-21 00:50:15,764347,764750,2020-04-21 00:50:15.551
2020-04-21 00:50:16,764354,764745,2020-04-21 00:50:16.615
2020-04-21 00:50:17,764360,764745,2020-04-21 00:50:17.644
2020-04-21 00:50:18,764381,764823,2020-04-21 00:50:18.652
2020-04-21 00:50:19,764381,764836,2020-04-21 00:50:19.669
2020-04-21 00:50:20,764381,764908,2020-04-21 00:50:20.711
2020-04-21 00:50:21,764381,764908,2020-04-21 00:50:21.743
2020-04-21 00:50:22,764406,764907,2020-04-21 00:50:22.765
2020-04-21 00:50:23,764487,764900,2020-04-21 00:50:23.803
2020-04-21 00:50:24,764493,764900,2020-04-21 00:50:24.846
2020-04-21 00:50:25,764506,764932,2020-04-21 00:50:25.939
2020-04-21 00:50:26,764512,764932,2020-04-21 00:50:26.947
2020-04-21 00:50:27,764519,764935,2020-04-21 00:50:27.970
2020-04-21 00:50:29,764530,764986,2020-04-21 00:50:29.020
2020-04-21 00:50:30,764536,764978,2020-04-21 00:50:30.185
2020-04-21 00:50:31,764544,764978,2020-04-21 00:50:31.248
2020-04-21 00:50:32,764550,764978,2020-04-21 00:50:32.337
2020-04-21 00:50:33,764555,764978,2020-04-21 00:50:33.344
2020-04-21 00:50:34,764561,764970,2020-04-21 00:50:34.849
2020-04-21 00:50:35,764575,764970,2020-04-21 00:50:35.976
2020-04-21 00:50:36,764584,764966,2020-04-21 00:50:36.998
2020-04-21 00:50:38,764595,764966,2020-04-21 00:50:38.015
2020-04-21 00:50:39,764604,764958,2020-04-21 00:50:39.025
2020-04-21 00:50:40,764609,764958,2020-04-21 00:50:40.041
2020-04-21 00:50:41,764611,764958,2020-04-21 00:50:41.125
2020-04-21 00:50:42,764624,764954,2020-04-21 00:50:42.139
2020-04-21 00:50:43,764770,764957,2020-04-21 00:50:43.161
2020-04-21 00:50:44,764771,764958,2020-04-21 00:50:44.200
2020-04-21 00:50:45,764776,764953,2020-04-21 00:50:45.236
2020-04-21 00:50:46,764664,764992,2020-04-21 00:50:46.246
2020-04-21 00:50:47,764669,764987,2020-04-21 00:50:47.490
2020-04-21 00:50:48,764685,764927,2020-04-21 00:50:48.514
2020-04-21 00:50:49,764691,764926,2020-04-21 00:50:49.839
2020-04-21 00:50:50,764699,764923,2020-04-21 00:50:50.888
2020-04-21 00:50:51,764699,764902,2020-04-21 00:50:51.940
2020-04-21 00:50:53,764699,764901,2020-04-21 00:50:53.395
2020-04-21 00:50:54,764705,764994,2020-04-21 00:50:54.411
2020-04-21 00:50:55,764706,764994,2020-04-21 00:50:55.645
2020-04-21 00:50:56,764714,764985,2020-04-21 00:50:56.675
2020-04-21 00:50:57,764720,764980,2020-04-21 00:50:57.696
2020-04-21 00:50:58,764722,764979,2020-04-21 00:50:58.766
2020-04-21 00:50:59,764727,764979,2020-04-21 00:50:59.782
2020-04-21 00:51:00,764730,764979,2020-04-21 00:51:00.803
2020-04-21 00:51:01,764738,764973,2020-04-21 00:51:01.857
2020-04-21 00:51:02,764736,764973,2020-04-21 00:51:02.908
2020-04-21 00:51:04,764739,764973,2020-04-21 00:51:04.070
2020-04-21 00:51:05,764744,764999,2020-04-21 00:51:05.093
2020-04-21 00:51:06,764746,764991,2020-04-21 00:51:06.209
2020-04-21 00:51:07,764751,764991,2020-04-21 00:51:07.514
2020-04-21 00:51:08,764760,764999,2020-04-21 00:51:08.884
2020-04-21 00:51:10,764766,764999,2020-04-21 00:51:10.037
2020-04-21 00:51:11,764775,764991,2020-04-21 00:51:11.448
2020-04-21 00:51:12,764783,764991,2020-04-21 00:51:12.455
2020-04-21 00:51:13,764783,764994,2020-04-21 00:51:13.492
2020-04-21 00:51:14,764783,764994,2020-04-21 00:51:14.504
2020-04-21 00:51:15,764780,764994,2020-04-21 00:51:15.593
2020-04-21 00:51:16,764769,764999,2020-04-21 00:51:16.600
2020-04-21 00:51:17,764770,765000,2020-04-21 00:51:17.926
2020-04-21 00:51:19,764778,765000,2020-04-21 00:51:19.129
2020-04-21 00:51:20,764775,764998,2020-04-21 00:51:20.283
2020-04-21 00:51:21,764462,764739,2020-04-21 00:51:21.287
2020-04-21 00:51:22,764726,764964,2020-04-21 00:51:22.292
2020-04-21 00:51:23,764467,764882,2020-04-21 00:51:23.314
2020-04-21 00:51:24,764475,764877,2020-04-21 00:51:24.534
2020-04-21 00:51:25,764479,764850,2020-04-21 00:51:25.542
2020-04-21 00:51:26,764478,764850,2020-04-21 00:51:26.559
2020-04-21 00:51:27,764488,764843,2020-04-21 00:51:27.579
2020-04-21 00:51:28,764491,764814,2020-04-21 00:51:28.632
2020-04-21 00:51:29,764496,764814,2020-04-21 00:51:29.698
2020-04-21 00:51:30,764501,764812,2020-04-21 00:51:30.760
2020-04-21 00:51:31,764503,764812,2020-04-21 00:51:31.797
2020-04-21 00:51:32,764519,764812,2020-04-21 00:51:32.830
2020-04-21 00:51:33,764542,764812,2020-04-21 00:51:33.889
2020-04-21 00:51:35,764547,764812,2020-04-21 00:51:35.005
2020-04-21 00:51:36,764547,764812,2020-04-21 00:51:36.041
2020-04-21 00:51:37,764551,764812,2020-04-21 00:51:37.131
2020-04-21 00:51:38,764580,764812,2020-04-21 00:51:38.149
2020-04-21 00:51:39,764583,764812,2020-04-21 00:51:39.165
2020-04-21 00:51:40,764585,764812,2020-04-21 00:51:40.186
2020-04-21 00:51:41,764614,764812,2020-04-21 00:51:41.220
2020-04-21 00:51:42,764616,764812,2020-04-21 00:51:42.228
2020-04-21 00:51:43,764621,764812,2020-04-21 00:51:43.291
2020-04-21 00:51:44,764624,764812,2020-04-21 00:51:44.323
2020-04-21 00:51:45,764624,764812,2020-04-21 00:51:45.394
2020-04-21 00:51:46,764630,764812,2020-04-21 00:51:46.864
2020-04-21 00:51:47,764631,764812,2020-04-21 00:51:47.887
2020-04-21 00:51:48,764631,764812,2020-04-21 00:51:48.916
2020-04-21 00:51:49,764631,764812,2020-04-21 00:51:49.957
2020-04-21 00:51:51,764631,764812,2020-04-21 00:51:51.020
2020-04-21 00:51:52,764631,764812,2020-04-21 00:51:52.040
2020-04-21 00:51:53,764631,764812,2020-04-21 00:51:53.114
2020-04-21 00:51:54,764631,764812,2020-04-21 00:51:54.144
2020-04-21 00:51:55,764631,764812,2020-04-21 00:51:55.382
2020-04-21 00:51:56,764631,764812,2020-04-21 00:51:56.410
2020-04-21 00:51:57,764632,764906,2020-04-21 00:51:57.425
2020-04-21 00:51:58,764632,764904,2020-04-21 00:51:58.464
2020-04-21 00:51:59,764631,764898,2020-04-21 00:51:59.477
2020-04-21 00:52:00,764631,764889,2020-04-21 00:52:00.506
2020-04-21 00:52:01,764631,764887,2020-04-21 00:52:01.556
2020-04-21 00:52:02,764631,764877,2020-04-21 00:52:02.599
2020-04-21 00:52:03,764205,764848,2020-04-21 00:52:03.736
2020-04-21 00:52:04,764349,764772,2020-04-21 00:52:04.785
2020-04-21 00:52:05,764349,764767,2020-04-21 00:52:05.841
2020-04-21 00:52:06,764050,764761,2020-04-21 00:52:06.848
2020-04-21 00:52:08,764055,764734,2020-04-21 00:52:08.186
2020-04-21 00:52:09,764061,764365,2020-04-21 00:52:09.204
2020-04-21 00:52:10,764061,764360,2020-04-21 00:52:10.221
2020-04-21 00:52:11,764067,764437,2020-04-21 00:52:11.236
2020-04-21 00:52:12,764068,764468,2020-04-21 00:52:12.412
2020-04-21 00:52:13,764072,764459,2020-04-21 00:52:13.692
2020-04-21 00:52:14,764073,764459,2020-04-21 00:52:14.758
2020-04-21 00:52:15,764078,764459,2020-04-21 00:52:15.846
2020-04-21 00:52:17,764086,764644,2020-04-21 00:52:17.052
2020-04-21 00:52:18,764086,764638,2020-04-21 00:52:18.207
2020-04-21 00:52:19,764091,764628,2020-04-21 00:52:19.249
2020-04-21 00:52:20,764093,764627,2020-04-21 00:52:20.256
2020-04-21 00:52:21,764097,764615,2020-04-21 00:52:21.271
2020-04-21 00:52:22,764102,764605,2020-04-21 00:52:22.287
2020-04-21 00:52:23,764105,764581,2020-04-21 00:52:23.300
2020-04-21 00:52:24,764102,764395,2020-04-21 00:52:24.405
2020-04-21 00:52:25,764103,764319,2020-04-21 00:52:25.467
2020-04-21 00:52:26,764103,764390,2020-04-21 00:52:26.513
2020-04-21 00:52:27,764103,764390,2020-04-21 00:52:27.640
2020-04-21 00:52:28,764059,764443,2020-04-21 00:52:28.935
2020-04-21 00:52:29,764065,764429,2020-04-21 00:52:29.967
2020-04-21 00:52:30,764065,764419,2020-04-21 00:52:30.987
2020-04-21 00:52:32,764066,764502,2020-04-21 00:52:32.001
2020-04-21 00:52:33,764072,764704,2020-04-21 00:52:33.137
2020-04-21 00:52:34,764088,764696,2020-04-21 00:52:34.722
2020-04-21 00:52:35,764097,764689,2020-04-21 00:52:35.753
2020-04-21 00:52:36,764103,764685,2020-04-21 00:52:36.860
2020-04-21 00:52:37,764197,764686,2020-04-21 00:52:37.953
2020-04-21 00:52:39,764202,764680,2020-04-21 00:52:39.776
2020-04-21 00:52:40,764367,764675,2020-04-21 00:52:40.788
2020-04-21 00:52:41,764374,764944,2020-04-21 00:52:41.879
2020-04-21 00:52:43,764379,764921,2020-04-21 00:52:43.110
2020-04-21 00:52:44,764384,764916,2020-04-21 00:52:44.301
2020-04-21 00:52:45,764392,764827,2020-04-21 00:52:45.325
2020-04-21 00:52:46,764397,764805,2020-04-21 00:52:46.349
2020-04-21 00:52:47,764154,764797,2020-04-21 00:52:47.448
2020-04-21 00:52:48,764154,764791,2020-04-21 00:52:48.497
2020-04-21 00:52:49,764151,764785,2020-04-21 00:52:49.516
2020-04-21 00:52:50,764116,764760,2020-04-21 00:52:50.581
2020-04-21 00:52:51,764121,764751,2020-04-21 00:52:51.667
2020-04-21 00:52:52,764125,764747,2020-04-21 00:52:52.751
2020-04-21 00:52:53,764130,764681,2020-04-21 00:52:53.840
2020-04-21 00:52:54,764135,764675,2020-04-21 00:52:54.913
2020-04-21 00:52:56,764141,764662,2020-04-21 00:52:56.592
2020-04-21 00:52:57,764188,764652,2020-04-21 00:52:57.612
2020-04-21 00:52:58,764194,764644,2020-04-21 00:52:58.638
2020-04-21 00:53:00,764199,764645,2020-04-21 00:53:00.021
2020-04-21 00:53:01,764212,764639,2020-04-21 00:53:01.069
2020-04-21 00:53:02,764213,764802,2020-04-21 00:53:02.435
2020-04-21 00:53:03,764220,764793,2020-04-21 00:53:03.472
2020-04-21 00:53:04,764230,764718,2020-04-21 00:53:04.485
2020-04-21 00:53:05,764236,764708,2020-04-21 00:53:05.560
2020-04-21 00:53:06,764238,764703,2020-04-21 00:53:06.596
2020-04-21 00:53:07,764245,764698,2020-04-21 00:53:07.849
2020-04-21 00:53:08,764252,764689,2020-04-21 00:53:08.979
2020-04-21 00:53:10,764257,764690,2020-04-21 00:53:10.033
2020-04-21 00:53:11,764265,764809,2020-04-21 00:53:11.050
2020-04-21 00:53:12,764269,764787,2020-04-21 00:53:12.072
2020-04-21 00:53:13,764272,764778,2020-04-21 00:53:13.245
2020-04-21 00:53:14,764277,764772,2020-04-21 00:53:14.284
2020-04-21 00:53:15,764277,764771,2020-04-21 00:53:15.372
2020-04-21 00:53:16,764282,764743,2020-04-21 00:53:16.424
2020-04-21 00:53:17,764283,764737,2020-04-21 00:53:17.720
2020-04-21 00:53:18,764283,764728,2020-04-21 00:53:18.753
2020-04-21 00:53:19,764147,764723,2020-04-21 00:53:19.800
2020-04-21 00:53:20,764157,764693,2020-04-21 00:53:20.819
2020-04-21 00:53:21,764160,764689,2020-04-21 00:53:21.869
2020-04-21 00:53:22,764166,764675,2020-04-21 00:53:22.887
2020-04-21 00:53:23,764171,764649,2020-04-21 00:53:23.898
2020-04-21 00:53:24,764176,764644,2020-04-21 00:53:24.906
2020-04-21 00:53:25,764171,764560,2020-04-21 00:53:25.913
2020-04-21 00:53:27,764056,764555,2020-04-21 00:53:27.222
2020-04-21 00:53:28,764064,764521,2020-04-21 00:53:28.223
2020-04-21 00:53:29,764070,764515,2020-04-21 00:53:29.234
2020-04-21 00:53:30,764077,764507,2020-04-21 00:53:30.253
2020-04-21 00:53:31,764073,764497,2020-04-21 00:53:31.271
2020-04-21 00:53:32,764078,764471,2020-04-21 00:53:32.373
2020-04-21 00:53:33,764078,764464,2020-04-21 00:53:33.382
2020-04-21 00:53:34,764078,764459,2020-04-21 00:53:34.468
2020-04-21 00:53:35,764066,764446,2020-04-21 00:53:35.695
2020-04-21 00:53:36,764065,764441,2020-04-21 00:53:36.705
2020-04-21 00:53:37,764071,764436,2020-04-21 00:53:37.739
2020-04-21 00:53:38,764071,764428,2020-04-21 00:53:38.751
2020-04-21 00:53:39,764071,764421,2020-04-21 00:53:39.818
2020-04-21 00:53:40,764077,764409,2020-04-21 00:53:40.852
2020-04-21 00:53:41,764077,764400,2020-04-21 00:53:41.908
2020-04-21 00:53:43,764077,764398,2020-04-21 00:53:43.148
2020-04-21 00:53:44,764083,764380,2020-04-21 00:53:44.202
2020-04-21 00:53:45,764084,764379,2020-04-21 00:53:45.237
2020-04-21 00:53:46,764089,764371,2020-04-21 00:53:46.309
2020-04-21 00:53:47,764091,764447,2020-04-21 00:53:47.317
2020-04-21 00:53:48,764097,764298,2020-04-21 00:53:48.360
2020-04-21 00:53:49,764102,764298,2020-04-21 00:53:49.678
2020-04-21 00:53:50,764108,764506,2020-04-21 00:53:50.706
2020-04-21 00:53:51,764118,764506,2020-04-21 00:53:51.725
2020-04-21 00:53:52,764118,764680,2020-04-21 00:53:52.742
2020-04-21 00:53:53,764124,764680,2020-04-21 00:53:53.807
2020-04-21 00:53:54,764135,764667,2020-04-21 00:53:54.836
2020-04-21 00:53:55,764136,764667,2020-04-21 00:53:55.895
2020-04-21 00:53:56,764147,764659,2020-04-21 00:53:56.992
2020-04-21 00:53:58,764147,764659,2020-04-21 00:53:58.042
2020-04-21 00:53:59,764147,764506,2020-04-21 00:53:59.149
2020-04-21 00:54:00,764157,764506,2020-04-21 00:54:00.168
2020-04-21 00:54:01,764159,764506,2020-04-21 00:54:01.207
2020-04-21 00:54:02,764163,764506,2020-04-21 00:54:02.740
2020-04-21 00:54:03,764168,764506,2020-04-21 00:54:03.744
2020-04-21 00:54:04,764174,764506,2020-04-21 00:54:04.847
2020-04-21 00:54:05,764179,764506,2020-04-21 00:54:05.852
2020-04-21 00:54:06,764180,764506,2020-04-21 00:54:06.875
2020-04-21 00:54:07,764184,764506,2020-04-21 00:54:07.892
2020-04-21 00:54:08,764189,764506,2020-04-21 00:54:08.918
2020-04-21 00:54:10,764191,764506,2020-04-21 00:54:10.050
2020-04-21 00:54:11,764099,764506,2020-04-21 00:54:11.096
2020-04-21 00:54:12,764100,764506,2020-04-21 00:54:12.184
2020-04-21 00:54:13,764098,764506,2020-04-21 00:54:13.187
2020-04-21 00:54:14,764108,764506,2020-04-21 00:54:14.314
2020-04-21 00:54:15,764108,764484,2020-04-21 00:54:15.398
2020-04-21 00:54:16,764107,764476,2020-04-21 00:54:16.742
2020-04-21 00:54:17,764037,764475,2020-04-21 00:54:17.844
2020-04-21 00:54:19,764045,764446,2020-04-21 00:54:19.257
2020-04-21 00:54:20,764047,764444,2020-04-21 00:54:20.284
2020-04-21 00:54:21,764056,764438,2020-04-21 00:54:21.298
2020-04-21 00:54:22,764059,764429,2020-04-21 00:54:22.314
2020-04-21 00:54:23,764018,764055,2020-04-21 00:54:23.787
2020-04-21 00:54:24,764000,764013,2020-04-21 00:54:24.821
2020-04-21 00:54:26,764000,764007,2020-04-21 00:54:26.073
2020-04-21 00:54:27,764000,764006,2020-04-21 00:54:27.254
2020-04-21 00:54:28,764000,764004,2020-04-21 00:54:28.758
2020-04-21 00:54:29,764000,764171,2020-04-21 00:54:29.784
2020-04-21 00:54:30,764005,764107,2020-04-21 00:54:30.832
2020-04-21 00:54:31,764000,764104,2020-04-21 00:54:31.848
2020-04-21 00:54:32,763608,763919,2020-04-21 00:54:32.871
2020-04-21 00:54:33,763606,763918,2020-04-21 00:54:33.901
2020-04-21 00:54:34,763608,763913,2020-04-21 00:54:34.922
2020-04-21 00:54:35,763616,764046,2020-04-21 00:54:35.987
2020-04-21 00:54:37,763618,764047,2020-04-21 00:54:37.071
2020-04-21 00:54:38,763622,764050,2020-04-21 00:54:38.085
2020-04-21 00:54:39,763634,764179,2020-04-21 00:54:39.101
2020-04-21 00:54:40,763640,764144,2020-04-21 00:54:40.126
2020-04-21 00:54:41,763649,764137,2020-04-21 00:54:41.152
2020-04-21 00:54:42,763655,764135,2020-04-21 00:54:42.192
2020-04-21 00:54:43,763656,764134,2020-04-21 00:54:43.223
2020-04-21 00:54:44,763664,764126,2020-04-21 00:54:44.274
2020-04-21 00:54:45,763670,764126,2020-04-21 00:54:45.538
2020-04-21 00:54:46,763680,764125,2020-04-21 00:54:46.617
2020-04-21 00:54:47,763680,764124,2020-04-21 00:54:47.648
2020-04-21 00:54:48,763681,764102,2020-04-21 00:54:48.676
2020-04-21 00:54:49,763686,764093,2020-04-21 00:54:49.735
2020-04-21 00:54:50,763686,764090,2020-04-21 00:54:50.801
2020-04-21 00:54:51,763691,764087,2020-04-21 00:54:51.864
2020-04-21 00:54:53,763694,764078,2020-04-21 00:54:53.156
2020-04-21 00:54:54,763594,764076,2020-04-21 00:54:54.176
2020-04-21 00:54:55,763594,764068,2020-04-21 00:54:55.332
2020-04-21 00:54:56,763594,764065,2020-04-21 00:54:56.352
2020-04-21 00:54:57,763600,764056,2020-04-21 00:54:57.361
2020-04-21 00:54:58,763600,764054,2020-04-21 00:54:58.405
2020-04-21 00:54:59,763602,764053,2020-04-21 00:54:59.431
2020-04-21 00:55:00,763607,764045,2020-04-21 00:55:00.481
2020-04-21 00:55:01,763612,764045,2020-04-21 00:55:01.516
2020-04-21 00:55:02,763610,764042,2020-04-21 00:55:02.618
2020-04-21 00:55:03,763615,764035,2020-04-21 00:55:03.631
2020-04-21 00:55:04,763618,764032,2020-04-21 00:55:04.761
2020-04-21 00:55:05,763621,764034,2020-04-21 00:55:05.791
2020-04-21 00:55:06,763626,764026,2020-04-21 00:55:06.871
2020-04-21 00:55:08,763626,764026,2020-04-21 00:55:08.436
2020-04-21 00:55:09,763636,764150,2020-04-21 00:55:09.452
2020-04-21 00:55:10,763643,764149,2020-04-21 00:55:10.477
2020-04-21 00:55:11,763648,764143,2020-04-21 00:55:11.668
2020-04-21 00:55:12,763661,764137,2020-04-21 00:55:12.843
2020-04-21 00:55:13,763662,764137,2020-04-21 00:55:13.881
2020-04-21 00:55:14,764222,764351,2020-04-21 00:55:14.929
2020-04-21 00:55:15,764001,764395,2020-04-21 00:55:15.952
2020-04-21 00:55:16,764008,764390,2020-04-21 00:55:16.965
2020-04-21 00:55:18,764021,764694,2020-04-21 00:55:18.002
2020-04-21 00:55:19,764027,764507,2020-04-21 00:55:19.161
2020-04-21 00:55:20,764121,764695,2020-04-21 00:55:20.173
2020-04-21 00:55:21,764668,764926,2020-04-21 00:55:21.372
2020-04-21 00:55:22,764668,764903,2020-04-21 00:55:22.631
2020-04-21 00:55:24,764408,764716,2020-04-21 00:55:24.031
2020-04-21 00:55:25,764415,764715,2020-04-21 00:55:25.049
2020-04-21 00:55:26,764415,764714,2020-04-21 00:55:26.067
2020-04-21 00:55:27,764415,764691,2020-04-21 00:55:27.079
2020-04-21 00:55:28,764331,764686,2020-04-21 00:55:28.616
2020-04-21 00:55:29,764176,764678,2020-04-21 00:55:29.629
2020-04-21 00:55:30,764186,764648,2020-04-21 00:55:30.680
2020-04-21 00:55:31,764197,764646,2020-04-21 00:55:31.730
2020-04-21 00:55:33,764197,764644,2020-04-21 00:55:33.200
2020-04-21 00:55:34,764211,764634,2020-04-21 00:55:34.274
2020-04-21 00:55:35,764218,764627,2020-04-21 00:55:35.756
2020-04-21 00:55:36,764225,764617,2020-04-21 00:55:36.793
2020-04-21 00:55:37,764231,764617,2020-04-21 00:55:37.796
2020-04-21 00:55:38,764236,764614,2020-04-21 00:55:38.862
2020-04-21 00:55:39,764241,764634,2020-04-21 00:55:39.980
2020-04-21 00:55:41,764249,764633,2020-04-21 00:55:41.010
2020-04-21 00:55:42,764255,764631,2020-04-21 00:55:42.044
2020-04-21 00:55:43,764255,764631,2020-04-21 00:55:43.114
2020-04-21 00:55:44,764261,764622,2020-04-21 00:55:44.155
2020-04-21 00:55:45,764261,764614,2020-04-21 00:55:45.207
2020-04-21 00:55:46,764032,764613,2020-04-21 00:55:46.231
2020-04-21 00:55:47,764044,764603,2020-04-21 00:55:47.388
2020-04-21 00:55:48,764048,764603,2020-04-21 00:55:48.540
2020-04-21 00:55:49,764055,764597,2020-04-21 00:55:49.634
2020-04-21 00:55:51,764058,764596,2020-04-21 00:55:51.203
2020-04-21 00:55:52,764073,764592,2020-04-21 00:55:52.377
2020-04-21 00:55:53,764080,764590,2020-04-21 00:55:53.436
2020-04-21 00:55:54,764082,764589,2020-04-21 00:55:54.839
2020-04-21 00:55:55,764095,764585,2020-04-21 00:55:55.856
2020-04-21 00:55:56,764099,764828,2020-04-21 00:55:56.877
2020-04-21 00:55:58,764650,764715,2020-04-21 00:55:58.538
2020-04-21 00:55:59,764156,764705,2020-04-21 00:55:59.638
2020-04-21 00:56:00,764161,764700,2020-04-21 00:56:00.784
2020-04-21 00:56:01,764170,764695,2020-04-21 00:56:01.816
2020-04-21 00:56:02,764181,764687,2020-04-21 00:56:02.833
2020-04-21 00:56:03,764188,764675,2020-04-21 00:56:03.876
2020-04-21 00:56:04,764190,764675,2020-04-21 00:56:04.901
2020-04-21 00:56:05,764195,764675,2020-04-21 00:56:05.974
2020-04-21 00:56:07,764205,764671,2020-04-21 00:56:07.094
2020-04-21 00:56:08,764213,764671,2020-04-21 00:56:08.109
2020-04-21 00:56:09,764221,764666,2020-04-21 00:56:09.197
2020-04-21 00:56:10,764228,764666,2020-04-21 00:56:10.519
2020-04-21 00:56:11,764241,764729,2020-04-21 00:56:11.608
2020-04-21 00:56:12,764247,764644,2020-04-21 00:56:12.623
2020-04-21 00:56:13,764250,764458,2020-04-21 00:56:13.634
2020-04-21 00:56:14,764255,764458,2020-04-21 00:56:14.756
2020-04-21 00:56:15,764261,764498,2020-04-21 00:56:15.876
2020-04-21 00:56:17,764261,764497,2020-04-21 00:56:17.315
2020-04-21 00:56:18,764092,764402,2020-04-21 00:56:18.337
2020-04-21 00:56:19,764098,764492,2020-04-21 00:56:19.359
2020-04-21 00:56:20,764105,764398,2020-04-21 00:56:20.398
2020-04-21 00:56:21,764105,764398,2020-04-21 00:56:21.580
2020-04-21 00:56:22,764122,764428,2020-04-21 00:56:22.831
2020-04-21 00:56:24,764127,764428,2020-04-21 00:56:24.102
2020-04-21 00:56:25,764134,764421,2020-04-21 00:56:25.526
2020-04-21 00:56:26,764147,764599,2020-04-21 00:56:26.550
2020-04-21 00:56:27,764154,764526,2020-04-21 00:56:27.986
2020-04-21 00:56:28,764165,764422,2020-04-21 00:56:28.997
2020-04-21 00:56:30,764171,764422,2020-04-21 00:56:30.209
2020-04-21 00:56:31,764173,764563,2020-04-21 00:56:31.840
2020-04-21 00:56:32,764190,764561,2020-04-21 00:56:32.916
2020-04-21 00:56:33,764203,764661,2020-04-21 00:56:33.928
2020-04-21 00:56:34,764210,764715,2020-04-21 00:56:34.941
2020-04-21 00:56:35,764216,764710,2020-04-21 00:56:35.950
2020-04-21 00:56:36,764249,764755,2020-04-21 00:56:36.993
2020-04-21 00:56:38,764243,764750,2020-04-21 00:56:38.041
2020-04-21 00:56:39,764282,764729,2020-04-21 00:56:39.440
2020-04-21 00:56:40,764292,764723,2020-04-21 00:56:40.599
2020-04-21 00:56:41,764301,764723,2020-04-21 00:56:41.616
2020-04-21 00:56:42,764328,764927,2020-04-21 00:56:42.644
2020-04-21 00:56:43,764345,764748,2020-04-21 00:56:43.680
2020-04-21 00:56:44,764918,764930,2020-04-21 00:56:44.692
2020-04-21 00:56:45,764969,765017,2020-04-21 00:56:45.765
2020-04-21 00:56:46,764974,765098,2020-04-21 00:56:46.876
2020-04-21 00:56:47,764984,765098,2020-04-21 00:56:47.893
2020-04-21 00:56:48,764990,765098,2020-04-21 00:56:48.953
2020-04-21 00:56:50,764997,765098,2020-04-21 00:56:50.054
2020-04-21 00:56:51,765002,765098,2020-04-21 00:56:51.338
2020-04-21 00:56:52,765002,765098,2020-04-21 00:56:52.554
2020-04-21 00:56:53,764629,765098,2020-04-21 00:56:53.623
2020-04-21 00:56:54,764637,764934,2020-04-21 00:56:54.639
2020-04-21 00:56:55,764637,764912,2020-04-21 00:56:55.931
2020-04-21 00:56:57,764642,764907,2020-04-21 00:56:57.068
2020-04-21 00:56:58,764638,764643,2020-04-21 00:56:58.098
2020-04-21 00:56:59,764352,764884,2020-04-21 00:56:59.140
2020-04-21 00:57:00,764375,764875,2020-04-21 00:57:00.235
2020-04-21 00:57:01,764378,764869,2020-04-21 00:57:01.269
2020-04-21 00:57:02,764383,764868,2020-04-21 00:57:02.620
2020-04-21 00:57:04,764392,764869,2020-04-21 00:57:04.010
2020-04-21 00:57:05,764418,764853,2020-04-21 00:57:05.053
2020-04-21 00:57:06,764425,764836,2020-04-21 00:57:06.075
2020-04-21 00:57:07,764427,764830,2020-04-21 00:57:07.133
2020-04-21 00:57:08,764435,764821,2020-04-21 00:57:08.147
2020-04-21 00:57:09,764458,764815,2020-04-21 00:57:09.205
2020-04-21 00:57:10,764463,764809,2020-04-21 00:57:10.673
2020-04-21 00:57:11,764467,764799,2020-04-21 00:57:11.975
2020-04-21 00:57:13,764467,764799,2020-04-21 00:57:13.718
2020-04-21 00:57:14,764486,764784,2020-04-21 00:57:14.728
2020-04-21 00:57:16,764486,764779,2020-04-21 00:57:16.595
2020-04-21 00:57:17,764496,764765,2020-04-21 00:57:17.634
2020-04-21 00:57:18,764496,764759,2020-04-21 00:57:18.654
2020-04-21 00:57:19,764497,764756,2020-04-21 00:57:19.674
2020-04-21 00:57:20,764498,764756,2020-04-21 00:57:20.733
2020-04-21 00:57:21,764499,764792,2020-04-21 00:57:21.760
2020-04-21 00:57:22,764499,764792,2020-04-21 00:57:22.862
2020-04-21 00:57:24,764509,764792,2020-04-21 00:57:24.077
2020-04-21 00:57:25,764513,764792,2020-04-21 00:57:25.099
2020-04-21 00:57:26,764518,764792,2020-04-21 00:57:26.136
2020-04-21 00:57:27,764521,764792,2020-04-21 00:57:27.183
2020-04-21 00:57:28,764526,764792,2020-04-21 00:57:28.211
2020-04-21 00:57:29,764528,764792,2020-04-21 00:57:29.267
2020-04-21 00:57:30,764529,764792,2020-04-21 00:57:30.311
2020-04-21 00:57:31,764530,764792,2020-04-21 00:57:31.327
2020-04-21 00:57:32,764373,764792,2020-04-21 00:57:32.583
2020-04-21 00:57:33,764378,764792,2020-04-21 00:57:33.618
2020-04-21 00:57:34,764380,764792,2020-04-21 00:57:34.640
2020-04-21 00:57:35,764409,764792,2020-04-21 00:57:35.671
2020-04-21 00:57:36,764411,764792,2020-04-21 00:57:36.791
2020-04-21 00:57:37,764412,764792,2020-04-21 00:57:37.833
2020-04-21 00:57:38,764420,764792,2020-04-21 00:57:38.860
2020-04-21 00:57:39,764425,764792,2020-04-21 00:57:39.899
2020-04-21 00:57:40,764448,764792,2020-04-21 00:57:40.933
2020-04-21 00:57:41,764454,764792,2020-04-21 00:57:41.950
2020-04-21 00:57:43,764460,764792,2020-04-21 00:57:43.311
2020-04-21 00:57:44,764489,764792,2020-04-21 00:57:44.777
2020-04-21 00:57:45,764491,764792,2020-04-21 00:57:45.804
2020-04-21 00:57:46,764505,764792,2020-04-21 00:57:46.852
2020-04-21 00:57:47,764507,764792,2020-04-21 00:57:47.883
2020-04-21 00:57:48,764512,764792,2020-04-21 00:57:48.914
2020-04-21 00:57:49,764538,764792,2020-04-21 00:57:49.935
2020-04-21 00:57:50,764542,764792,2020-04-21 00:57:50.948
2020-04-21 00:57:52,764547,764792,2020-04-21 00:57:52.631
2020-04-21 00:57:53,764597,764792,2020-04-21 00:57:53.661
2020-04-21 00:57:54,764605,764792,2020-04-21 00:57:54.681
2020-04-21 00:57:55,764611,764792,2020-04-21 00:57:55.712
2020-04-21 00:57:56,764634,765135,2020-04-21 00:57:56.780
2020-04-21 00:57:58,765177,765194,2020-04-21 00:57:58.253
2020-04-21 00:57:59,764644,765188,2020-04-21 00:57:59.296
2020-04-21 00:58:00,764652,765188,2020-04-21 00:58:00.380
2020-04-21 00:58:01,764657,765218,2020-04-21 00:58:01.468
2020-04-21 00:58:02,764667,765213,2020-04-21 00:58:02.624
2020-04-21 00:58:03,764685,765189,2020-04-21 00:58:03.695
2020-04-21 00:58:04,765258,765416,2020-04-21 00:58:04.714
2020-04-21 00:58:05,765263,765489,2020-04-21 00:58:05.731
2020-04-21 00:58:06,765260,765489,2020-04-21 00:58:06.782
2020-04-21 00:58:07,765263,765463,2020-04-21 00:58:07.810
2020-04-21 00:58:09,765265,765463,2020-04-21 00:58:09.066
2020-04-21 00:58:10,765269,765463,2020-04-21 00:58:10.120
2020-04-21 00:58:11,765269,765499,2020-04-21 00:58:11.138
2020-04-21 00:58:12,765118,765488,2020-04-21 00:58:12.231
2020-04-21 00:58:13,765120,765473,2020-04-21 00:58:13.248
2020-04-21 00:58:14,765128,765473,2020-04-21 00:58:14.276
2020-04-21 00:58:15,765133,765473,2020-04-21 00:58:15.330
2020-04-21 00:58:16,765134,765473,2020-04-21 00:58:16.394
2020-04-21 00:58:17,765147,765493,2020-04-21 00:58:17.412
2020-04-21 00:58:18,765095,765482,2020-04-21 00:58:18.430
2020-04-21 00:58:19,765075,765460,2020-04-21 00:58:19.461
2020-04-21 00:58:20,765075,765452,2020-04-21 00:58:20.470
2020-04-21 00:58:21,764889,765446,2020-04-21 00:58:21.937
2020-04-21 00:58:22,764894,765042,2020-04-21 00:58:22.947
2020-04-21 00:58:24,764901,765042,2020-04-21 00:58:24.064
2020-04-21 00:58:25,764930,765042,2020-04-21 00:58:25.616
2020-04-21 00:58:26,764933,765042,2020-04-21 00:58:26.627
2020-04-21 00:58:27,764935,765042,2020-04-21 00:58:27.654
2020-04-21 00:58:28,764961,765042,2020-04-21 00:58:28.686
2020-04-21 00:58:29,764961,765042,2020-04-21 00:58:29.714
2020-04-21 00:58:30,764940,765042,2020-04-21 00:58:30.763
2020-04-21 00:58:31,764863,765042,2020-04-21 00:58:31.803
2020-04-21 00:58:32,764885,765042,2020-04-21 00:58:32.846
2020-04-21 00:58:33,764890,765042,2020-04-21 00:58:33.865
2020-04-21 00:58:34,764891,765042,2020-04-21 00:58:34.913
2020-04-21 00:58:35,764892,765042,2020-04-21 00:58:35.943
2020-04-21 00:58:37,764897,765042,2020-04-21 00:58:37.011
2020-04-21 00:58:38,764898,765042,2020-04-21 00:58:38.038
2020-04-21 00:58:39,764904,765042,2020-04-21 00:58:39.229
2020-04-21 00:58:40,764904,765021,2020-04-21 00:58:40.252
2020-04-21 00:58:41,764904,765019,2020-04-21 00:58:41.284
2020-04-21 00:58:42,764730,765013,2020-04-21 00:58:42.337
2020-04-21 00:58:43,764731,765007,2020-04-21 00:58:43.394
2020-04-21 00:58:44,764731,765004,2020-04-21 00:58:44.412
2020-04-21 00:58:45,764731,764974,2020-04-21 00:58:45.457
2020-04-21 00:58:46,764730,764969,2020-04-21 00:58:46.685
2020-04-21 00:58:47,764730,764960,2020-04-21 00:58:47.770
2020-04-21 00:58:48,764730,764960,2020-04-21 00:58:48.786
2020-04-21 00:58:49,764730,764938,2020-04-21 00:58:49.834
2020-04-21 00:58:51,764730,764938,2020-04-21 00:58:50.931
2020-04-21 00:58:52,764730,764932,2020-04-21 00:58:52.048
2020-04-21 00:58:53,764730,764930,2020-04-21 00:58:53.131
2020-04-21 00:58:54,764730,764908,2020-04-21 00:58:54.344
2020-04-21 00:58:55,764730,764900,2020-04-21 00:58:55.374
2020-04-21 00:58:56,764615,764899,2020-04-21 00:58:56.510
2020-04-21 00:58:57,764731,764893,2020-04-21 00:58:57.933
2020-04-21 00:58:59,764732,764889,2020-04-21 00:58:59.163
2020-04-21 00:59:00,764732,764884,2020-04-21 00:59:00.207
2020-04-21 00:59:01,764591,764880,2020-04-21 00:59:01.266
2020-04-21 00:59:02,764623,764879,2020-04-21 00:59:02.304
2020-04-21 00:59:03,764623,764879,2020-04-21 00:59:03.316
2020-04-21 00:59:04,764628,764877,2020-04-21 00:59:04.401
2020-04-21 00:59:05,764629,764877,2020-04-21 00:59:05.426
2020-04-21 00:59:06,764685,764877,2020-04-21 00:59:06.463
2020-04-21 00:59:07,764686,765161,2020-04-21 00:59:07.482
2020-04-21 00:59:08,764956,765152,2020-04-21 00:59:08.500
2020-04-21 00:59:09,764956,765166,2020-04-21 00:59:09.806
2020-04-21 00:59:10,764952,765227,2020-04-21 00:59:10.885
2020-04-21 00:59:12,765089,765206,2020-04-21 00:59:12.195
2020-04-21 00:59:13,764735,765206,2020-04-21 00:59:13.432
2020-04-21 00:59:14,765058,765219,2020-04-21 00:59:14.753
2020-04-21 00:59:15,765063,765329,2020-04-21 00:59:15.775
2020-04-21 00:59:16,765151,765329,2020-04-21 00:59:16.802
2020-04-21 00:59:17,764758,765329,2020-04-21 00:59:17.830
2020-04-21 00:59:18,765172,765323,2020-04-21 00:59:18.851
2020-04-21 00:59:19,764786,765322,2020-04-21 00:59:19.946
2020-04-21 00:59:20,765006,765310,2020-04-21 00:59:20.999
2020-04-21 00:59:22,765011,765306,2020-04-21 00:59:22.163
2020-04-21 00:59:23,765019,765279,2020-04-21 00:59:23.419
2020-04-21 00:59:24,765024,765273,2020-04-21 00:59:24.431
2020-04-21 00:59:25,765028,765266,2020-04-21 00:59:25.488
2020-04-21 00:59:26,765029,765258,2020-04-21 00:59:26.506
2020-04-21 00:59:27,765059,765256,2020-04-21 00:59:27.550
2020-04-21 00:59:28,765059,765251,2020-04-21 00:59:28.782
2020-04-21 00:59:30,765113,765252,2020-04-21 00:59:30.004
2020-04-21 00:59:31,765118,765245,2020-04-21 00:59:31.048
2020-04-21 00:59:32,765165,765244,2020-04-21 00:59:32.052
2020-04-21 00:59:33,765165,765544,2020-04-21 00:59:33.215
2020-04-21 00:59:34,765386,765519,2020-04-21 00:59:34.261
2020-04-21 00:59:35,764633,765510,2020-04-21 00:59:35.285
2020-04-21 00:59:36,765124,765504,2020-04-21 00:59:36.558
2020-04-21 00:59:37,764651,765491,2020-04-21 00:59:37.724
2020-04-21 00:59:38,765047,765479,2020-04-21 00:59:38.745
2020-04-21 00:59:40,765047,765479,2020-04-21 00:59:40.054
2020-04-21 00:59:41,765086,765463,2020-04-21 00:59:41.090
2020-04-21 00:59:42,764685,765436,2020-04-21 00:59:42.299
2020-04-21 00:59:43,765017,765427,2020-04-21 00:59:43.328
2020-04-21 00:59:44,765017,765424,2020-04-21 00:59:44.626
2020-04-21 00:59:45,765054,765416,2020-04-21 00:59:45.664
2020-04-21 00:59:46,765054,765418,2020-04-21 00:59:46.806
2020-04-21 00:59:47,764999,765413,2020-04-21 00:59:47.871
2020-04-21 00:59:49,765020,765407,2020-04-21 00:59:49.249
2020-04-21 00:59:50,764826,765398,2020-04-21 00:59:50.410
2020-04-21 00:59:51,764836,765388,2020-04-21 00:59:51.450
2020-04-21 00:59:52,764858,765382,2020-04-21 00:59:52.743
2020-04-21 00:59:53,764863,765373,2020-04-21 00:59:53.763
2020-04-21 00:59:54,764871,765360,2020-04-21 00:59:54.868
2020-04-21 00:59:55,764897,765354,2020-04-21 00:59:55.921
2020-04-21 00:59:56,764903,765348,2020-04-21 00:59:56.948
2020-04-21 00:59:57,764903,765339,2020-04-21 00:59:57.980
2020-04-21 00:59:59,764908,765332,2020-04-21 00:59:59.005
2020-04-21 01:00:00,764932,765327,2020-04-21 01:00:00.035
2020-04-21 01:00:01,764933,765324,2020-04-21 01:00:01.048
2020-04-21 01:00:02,764938,765316,2020-04-21 01:00:02.084
2020-04-21 01:00:03,764943,765316,2020-04-21 01:00:03.128
2020-04-21 01:00:04,764945,765316,2020-04-21 01:00:04.166
2020-04-21 01:00:05,764951,765319,2020-04-21 01:00:05.204
2020-04-21 01:00:06,764953,765334,2020-04-21 01:00:06.226
2020-04-21 01:00:07,764952,765324,2020-04-21 01:00:07.255
2020-04-21 01:00:08,764951,765318,2020-04-21 01:00:08.287
2020-04-21 01:00:09,764753,765312,2020-04-21 01:00:09.349
2020-04-21 01:00:10,764759,765306,2020-04-21 01:00:10.364
2020-04-21 01:00:11,764765,765298,2020-04-21 01:00:11.406
2020-04-21 01:00:12,764766,765292,2020-04-21 01:00:12.523
2020-04-21 01:00:13,764792,765286,2020-04-21 01:00:13.569
2020-04-21 01:00:14,764720,764792,2020-04-21 01:00:14.588
2020-04-21 01:00:15,764720,764792,2020-04-21 01:00:15.658
2020-04-21 01:00:16,764720,765124,2020-04-21 01:00:16.695
2020-04-21 01:00:17,764720,765098,2020-04-21 01:00:17.790
2020-04-21 01:00:18,764554,765092,2020-04-21 01:00:18.863
2020-04-21 01:00:19,764391,764437,2020-04-21 01:00:19.954
2020-04-21 01:00:21,764391,764432,2020-04-21 01:00:21.244
2020-04-21 01:00:22,764391,764432,2020-04-21 01:00:22.285
2020-04-21 01:00:23,764391,764431,2020-04-21 01:00:23.316
2020-04-21 01:00:24,764381,764426,2020-04-21 01:00:24.365
2020-04-21 01:00:25,764381,764436,2020-04-21 01:00:25.424
2020-04-21 01:00:26,764381,764432,2020-04-21 01:00:26.490
2020-04-21 01:00:27,764381,764432,2020-04-21 01:00:27.506
2020-04-21 01:00:28,764381,764432,2020-04-21 01:00:28.548
2020-04-21 01:00:29,764381,764432,2020-04-21 01:00:29.554
2020-04-21 01:00:30,764381,764432,2020-04-21 01:00:30.578
2020-04-21 01:00:31,764381,764432,2020-04-21 01:00:31.631
2020-04-21 01:00:32,764381,764432,2020-04-21 01:00:32.664
2020-04-21 01:00:33,764381,764432,2020-04-21 01:00:33.856
2020-04-21 01:00:35,764381,764432,2020-04-21 01:00:35.264
2020-04-21 01:00:36,764381,764427,2020-04-21 01:00:36.318
2020-04-21 01:00:37,764381,764427,2020-04-21 01:00:37.351
2020-04-21 01:00:38,764381,764426,2020-04-21 01:00:38.729
2020-04-21 01:00:39,764381,764426,2020-04-21 01:00:39.741
2020-04-21 01:00:40,764381,764420,2020-04-21 01:00:40.927
2020-04-21 01:00:42,764381,764412,2020-04-21 01:00:42.182
2020-04-21 01:00:43,764381,764407,2020-04-21 01:00:43.252
2020-04-21 01:00:44,764381,764399,2020-04-21 01:00:44.277
2020-04-21 01:00:45,764381,764399,2020-04-21 01:00:45.500
2020-04-21 01:00:46,764374,764393,2020-04-21 01:00:46.514
2020-04-21 01:00:47,764374,764386,2020-04-21 01:00:47.607
2020-04-21 01:00:48,764374,764386,2020-04-21 01:00:48.642
2020-04-21 01:00:49,764374,764373,2020-04-21 01:00:49.664
2020-04-21 01:00:50,764374,764373,2020-04-21 01:00:50.683
2020-04-21 01:00:51,764374,764364,2020-04-21 01:00:51.707
2020-04-21 01:00:52,764374,764357,2020-04-21 01:00:52.720
2020-04-21 01:00:53,763963,764151,2020-04-21 01:00:53.728
2020-04-21 01:00:54,763962,764144,2020-04-21 01:00:54.741
2020-04-21 01:00:55,763901,764136,2020-04-21 01:00:55.765
2020-04-21 01:00:56,763871,764044,2020-04-21 01:00:56.803
2020-04-21 01:00:57,763733,764029,2020-04-21 01:00:57.834
2020-04-21 01:00:58,763713,764020,2020-04-21 01:00:58.876
2020-04-21 01:00:59,763714,764014,2020-04-21 01:00:59.936
2020-04-21 01:01:00,763713,764008,2020-04-21 01:01:00.944
2020-04-21 01:01:02,763713,764001,2020-04-21 01:01:02.215
2020-04-21 01:01:03,763713,763993,2020-04-21 01:01:03.262
2020-04-21 01:01:04,763713,763993,2020-04-21 01:01:04.265
2020-04-21 01:01:05,763719,763987,2020-04-21 01:01:05.300
2020-04-21 01:01:06,763722,763983,2020-04-21 01:01:06.412
2020-04-21 01:01:07,763724,764075,2020-04-21 01:01:07.425
2020-04-21 01:01:08,764219,764312,2020-04-21 01:01:08.477
2020-04-21 01:01:09,763973,764305,2020-04-21 01:01:09.500
2020-04-21 01:01:10,763979,764305,2020-04-21 01:01:10.507
2020-04-21 01:01:11,763829,764307,2020-04-21 01:01:11.533
2020-04-21 01:01:12,763839,764435,2020-04-21 01:01:12.553
2020-04-21 01:01:13,763844,764430,2020-04-21 01:01:13.660
2020-04-21 01:01:14,763915,764422,2020-04-21 01:01:14.678
2020-04-21 01:01:15,763918,764434,2020-04-21 01:01:15.701
2020-04-21 01:01:16,763923,764433,2020-04-21 01:01:16.837
2020-04-21 01:01:17,763936,764425,2020-04-21 01:01:17.910
2020-04-21 01:01:18,763943,764425,2020-04-21 01:01:18.934
2020-04-21 01:01:20,763948,764425,2020-04-21 01:01:20.100
2020-04-21 01:01:21,763961,764417,2020-04-21 01:01:21.125
2020-04-21 01:01:22,763963,764427,2020-04-21 01:01:22.133
2020-04-21 01:01:23,763970,764427,2020-04-21 01:01:23.229
2020-04-21 01:01:24,763976,764427,2020-04-21 01:01:24.281
2020-04-21 01:01:25,763977,764427,2020-04-21 01:01:25.404
2020-04-21 01:01:26,763982,764396,2020-04-21 01:01:26.420
2020-04-21 01:01:27,763982,764392,2020-04-21 01:01:27.441
2020-04-21 01:01:28,763859,764383,2020-04-21 01:01:28.453
2020-04-21 01:01:29,763867,764377,2020-04-21 01:01:29.469
2020-04-21 01:01:30,763869,764376,2020-04-21 01:01:30.595
2020-04-21 01:01:31,763875,764346,2020-04-21 01:01:31.867
2020-04-21 01:01:32,763882,764344,2020-04-21 01:01:32.968
2020-04-21 01:01:34,763719,764307,2020-04-21 01:01:34.007
2020-04-21 01:01:35,763724,764301,2020-04-21 01:01:35.140
2020-04-21 01:01:36,763724,764272,2020-04-21 01:01:36.464
2020-04-21 01:01:38,763718,764222,2020-04-21 01:01:38.002
2020-04-21 01:01:39,763713,764220,2020-04-21 01:01:39.016
2020-04-21 01:01:40,763718,764211,2020-04-21 01:01:40.066
2020-04-21 01:01:41,763720,764205,2020-04-21 01:01:41.092
2020-04-21 01:01:42,763726,764197,2020-04-21 01:01:42.106
2020-04-21 01:01:43,763730,764196,2020-04-21 01:01:43.282
2020-04-21 01:01:44,763742,764186,2020-04-21 01:01:44.349
2020-04-21 01:01:45,763749,764181,2020-04-21 01:01:45.366
2020-04-21 01:01:46,763754,764176,2020-04-21 01:01:46.478
2020-04-21 01:01:48,763788,764176,2020-04-21 01:01:48.300
2020-04-21 01:01:49,763826,764173,2020-04-21 01:01:49.317
2020-04-21 01:01:50,763833,764176,2020-04-21 01:01:50.333
2020-04-21 01:01:51,763834,764176,2020-04-21 01:01:51.436
2020-04-21 01:01:52,763845,764233,2020-04-21 01:01:52.539
2020-04-21 01:01:53,764243,764436,2020-04-21 01:01:53.561
2020-04-21 01:01:54,763980,764414,2020-04-21 01:01:54.588
2020-04-21 01:01:55,763986,764406,2020-04-21 01:01:55.718
2020-04-21 01:01:56,763998,764397,2020-04-21 01:01:56.844
2020-04-21 01:01:57,763998,764368,2020-04-21 01:01:57.894
2020-04-21 01:01:58,764006,764363,2020-04-21 01:01:58.902
2020-04-21 01:02:00,764011,764358,2020-04-21 01:02:00.019
2020-04-21 01:02:01,764015,764437,2020-04-21 01:02:01.055
2020-04-21 01:02:02,764020,764436,2020-04-21 01:02:02.144
2020-04-21 01:02:03,764033,764415,2020-04-21 01:02:03.179
2020-04-21 01:02:04,764029,764414,2020-04-21 01:02:04.369
2020-04-21 01:02:05,764043,764363,2020-04-21 01:02:05.409
2020-04-21 01:02:06,764043,764359,2020-04-21 01:02:06.449
2020-04-21 01:02:07,764043,764354,2020-04-21 01:02:07.473
2020-04-21 01:02:08,764005,764329,2020-04-21 01:02:08.506
2020-04-21 01:02:09,764000,764321,2020-04-21 01:02:09.652
2020-04-21 01:02:10,764000,764315,2020-04-21 01:02:10.694
2020-04-21 01:02:11,764000,764278,2020-04-21 01:02:11.963
2020-04-21 01:02:13,764000,764269,2020-04-21 01:02:13.252
2020-04-21 01:02:14,764000,764263,2020-04-21 01:02:14.384
2020-04-21 01:02:15,764000,764250,2020-04-21 01:02:15.469
2020-04-21 01:02:16,764000,764221,2020-04-21 01:02:16.810
2020-04-21 01:02:18,764000,764216,2020-04-21 01:02:18.145
2020-04-21 01:02:19,763736,764202,2020-04-21 01:02:19.231
2020-04-21 01:02:20,763736,764059,2020-04-21 01:02:20.243
2020-04-21 01:02:21,763742,764059,2020-04-21 01:02:21.270
2020-04-21 01:02:22,763747,764059,2020-04-21 01:02:22.284
2020-04-21 01:02:23,763750,764059,2020-04-21 01:02:23.843
2020-04-21 01:02:24,763756,764059,2020-04-21 01:02:24.964
2020-04-21 01:02:25,763757,764157,2020-04-21 01:02:25.991
2020-04-21 01:02:27,763762,764157,2020-04-21 01:02:27.270
2020-04-21 01:02:28,763771,764157,2020-04-21 01:02:28.308
2020-04-21 01:02:29,763778,764157,2020-04-21 01:02:29.349
2020-04-21 01:02:30,763786,764157,2020-04-21 01:02:30.423
2020-04-21 01:02:31,763788,764157,2020-04-21 01:02:31.559
2020-04-21 01:02:32,763794,764157,2020-04-21 01:02:32.839
2020-04-21 01:02:33,763795,764150,2020-04-21 01:02:33.871
2020-04-21 01:02:34,763795,764157,2020-04-21 01:02:34.883
2020-04-21 01:02:35,763806,764157,2020-04-21 01:02:35.977
2020-04-21 01:02:36,763807,764157,2020-04-21 01:02:36.994
2020-04-21 01:02:38,763815,764240,2020-04-21 01:02:38.212
2020-04-21 01:02:39,763817,764240,2020-04-21 01:02:39.900
2020-04-21 01:02:40,763827,764240,2020-04-21 01:02:40.918
2020-04-21 01:02:41,763836,764315,2020-04-21 01:02:41.925
2020-04-21 01:02:43,763839,764393,2020-04-21 01:02:43.339
2020-04-21 01:02:45,763854,764400,2020-04-21 01:02:45.057
2020-04-21 01:02:46,763876,764359,2020-04-21 01:02:46.094
2020-04-21 01:02:47,764106,764626,2020-04-21 01:02:47.119
2020-04-21 01:02:48,764112,764629,2020-04-21 01:02:48.327
2020-04-21 01:02:49,764334,764608,2020-04-21 01:02:49.425
2020-04-21 01:02:50,764340,764608,2020-04-21 01:02:50.455
2020-04-21 01:02:51,764340,764608,2020-04-21 01:02:51.471
2020-04-21 01:02:52,764347,764790,2020-04-21 01:02:52.537
2020-04-21 01:02:53,764348,764785,2020-04-21 01:02:53.548
2020-04-21 01:02:55,764361,764566,2020-04-21 01:02:55.477
2020-04-21 01:02:56,764364,764566,2020-04-21 01:02:56.525
2020-04-21 01:02:57,764367,764566,2020-04-21 01:02:57.602
2020-04-21 01:02:58,764384,764767,2020-04-21 01:02:58.613
2020-04-21 01:02:59,764387,764759,2020-04-21 01:02:59.642
2020-04-21 01:03:00,764387,764759,2020-04-21 01:03:00.849
2020-04-21 01:03:01,764392,764759,2020-04-21 01:03:01.870
2020-04-21 01:03:02,764406,764738,2020-04-21 01:03:02.950
2020-04-21 01:03:03,764406,764599,2020-04-21 01:03:03.962
2020-04-21 01:03:05,764406,764599,2020-04-21 01:03:05.015
2020-04-21 01:03:06,764411,764599,2020-04-21 01:03:06.074
2020-04-21 01:03:07,764411,764599,2020-04-21 01:03:07.136
2020-04-21 01:03:08,764413,764599,2020-04-21 01:03:08.191
2020-04-21 01:03:09,764419,764599,2020-04-21 01:03:09.254
2020-04-21 01:03:10,764419,764599,2020-04-21 01:03:10.270
2020-04-21 01:03:11,764418,764599,2020-04-21 01:03:11.401
2020-04-21 01:03:13,764428,764599,2020-04-21 01:03:13.039
2020-04-21 01:03:14,764431,764723,2020-04-21 01:03:14.090
2020-04-21 01:03:15,764433,764717,2020-04-21 01:03:15.116
2020-04-21 01:03:16,764433,764702,2020-04-21 01:03:16.172
2020-04-21 01:03:17,764433,764702,2020-04-21 01:03:17.332
2020-04-21 01:03:18,764413,764726,2020-04-21 01:03:18.421
2020-04-21 01:03:19,764413,764725,2020-04-21 01:03:19.472
2020-04-21 01:03:20,764158,764640,2020-04-21 01:03:20.482
2020-04-21 01:03:21,764409,764614,2020-04-21 01:03:21.490
2020-04-21 01:03:23,764155,764423,2020-04-21 01:03:23.285
2020-04-21 01:03:24,764032,764416,2020-04-21 01:03:24.320
2020-04-21 01:03:25,764041,764412,2020-04-21 01:03:25.572
2020-04-21 01:03:26,764045,764411,2020-04-21 01:03:26.617
2020-04-21 01:03:27,764046,764409,2020-04-21 01:03:27.762
2020-04-21 01:03:28,764058,764411,2020-04-21 01:03:28.778
2020-04-21 01:03:29,764060,764406,2020-04-21 01:03:29.782
2020-04-21 01:03:30,764068,764383,2020-04-21 01:03:30.829
2020-04-21 01:03:31,764074,764378,2020-04-21 01:03:31.864
2020-04-21 01:03:32,764081,764543,2020-04-21 01:03:32.963
2020-04-21 01:03:34,764089,764543,2020-04-21 01:03:34.149
2020-04-21 01:03:35,764095,764399,2020-04-21 01:03:35.201
2020-04-21 01:03:36,764100,764399,2020-04-21 01:03:36.336
2020-04-21 01:03:37,764116,764399,2020-04-21 01:03:37.433
2020-04-21 01:03:38,764122,764673,2020-04-21 01:03:38.456
2020-04-21 01:03:39,764130,764720,2020-04-21 01:03:39.493
2020-04-21 01:03:40,764323,764720,2020-04-21 01:03:40.796
2020-04-21 01:03:41,764333,764888,2020-04-21 01:03:41.848
2020-04-21 01:03:42,764339,764888,2020-04-21 01:03:42.856
2020-04-21 01:03:43,764345,764889,2020-04-21 01:03:43.863
2020-04-21 01:03:44,764356,764892,2020-04-21 01:03:44.886
2020-04-21 01:03:45,764362,764898,2020-04-21 01:03:45.902
2020-04-21 01:03:46,764449,764898,2020-04-21 01:03:46.908
2020-04-21 01:03:48,764500,764899,2020-04-21 01:03:48.034
2020-04-21 01:03:49,764507,764899,2020-04-21 01:03:49.071
2020-04-21 01:03:50,764514,764899,2020-04-21 01:03:50.314
2020-04-21 01:03:51,764527,764898,2020-04-21 01:03:51.336
2020-04-21 01:03:52,764533,764898,2020-04-21 01:03:52.597
2020-04-21 01:03:53,764548,764898,2020-04-21 01:03:53.883
2020-04-21 01:03:54,764554,764898,2020-04-21 01:03:54.903
2020-04-21 01:03:55,764567,764898,2020-04-21 01:03:55.950
2020-04-21 01:03:57,764574,764898,2020-04-21 01:03:57.651
2020-04-21 01:03:58,764586,764899,2020-04-21 01:03:58.677
2020-04-21 01:03:59,764597,764899,2020-04-21 01:03:59.844
2020-04-21 01:04:00,764606,764899,2020-04-21 01:04:00.987
2020-04-21 01:04:02,764612,764899,2020-04-21 01:04:02.355
2020-04-21 01:04:03,764639,764899,2020-04-21 01:04:03.388
2020-04-21 01:04:04,765000,765247,2020-04-21 01:04:04.783
2020-04-21 01:04:05,765007,765247,2020-04-21 01:04:05.840
2020-04-21 01:04:06,765017,765247,2020-04-21 01:04:06.857
2020-04-21 01:04:07,765019,765247,2020-04-21 01:04:07.983
2020-04-21 01:04:09,765014,765438,2020-04-21 01:04:09.021
2020-04-21 01:04:10,765025,765413,2020-04-21 01:04:10.057
2020-04-21 01:04:11,765025,765433,2020-04-21 01:04:11.070
2020-04-21 01:04:12,765536,765634,2020-04-21 01:04:12.394
2020-04-21 01:04:13,765532,765638,2020-04-21 01:04:13.425
2020-04-21 01:04:14,765532,765617,2020-04-21 01:04:14.743
2020-04-21 01:04:15,765532,765611,2020-04-21 01:04:15.914
2020-04-21 01:04:17,765532,765632,2020-04-21 01:04:17.012
2020-04-21 01:04:18,765532,765895,2020-04-21 01:04:18.298
2020-04-21 01:04:19,765086,765727,2020-04-21 01:04:19.356
2020-04-21 01:04:20,765086,765720,2020-04-21 01:04:20.581
2020-04-21 01:04:21,765061,765693,2020-04-21 01:04:21.610
2020-04-21 01:04:22,765066,765687,2020-04-21 01:04:22.648
2020-04-21 01:04:23,765066,765684,2020-04-21 01:04:23.671
2020-04-21 01:04:24,765066,765594,2020-04-21 01:04:24.934
2020-04-21 01:04:26,764978,765572,2020-04-21 01:04:26.045
2020-04-21 01:04:27,764979,765563,2020-04-21 01:04:27.107
2020-04-21 01:04:28,764979,765556,2020-04-21 01:04:28.121
2020-04-21 01:04:29,764985,765550,2020-04-21 01:04:29.146
2020-04-21 01:04:30,765026,765543,2020-04-21 01:04:30.161
