timestamp,bid,ask,tick_timestamp
2020-04-21 00:32:37,765422,765433,2020-04-21 00:32:37.878
2020-04-21 00:32:38,765422,765433,2020-04-21 00:32:38.930
2020-04-21 00:32:39,765446,765426,2020-04-21 00:32:39.940
2020-04-21 00:32:41,765446,765426,2020-04-21 00:32:41.023
2020-04-21 00:32:42,765446,765426,2020-04-21 00:32:42.378
2020-04-21 00:32:43,765446,765426,2020-04-21 00:32:43.450
2020-04-21 00:32:44,765446,765426,2020-04-21 00:32:44.501
2020-04-21 00:32:45,765446,765426,2020-04-21 00:32:45.990
2020-04-21 00:32:47,765446,765426,2020-04-21 00:32:47.138
2020-04-21 00:32:48,765446,765426,2020-04-21 00:32:48.541
2020-04-21 00:32:49,765446,765426,2020-04-21 00:32:49.567
2020-04-21 00:32:50,765446,765426,2020-04-21 00:32:50.610
2020-04-21 00:32:52,765446,765426,2020-04-21 00:32:52.034
2020-04-21 00:32:53,765446,765426,2020-04-21 00:32:53.070
2020-04-21 00:32:54,765446,765426,2020-04-21 00:32:54.132
2020-04-21 00:32:55,765446,765426,2020-04-21 00:32:55.219
2020-04-21 00:32:56,765446,765426,2020-04-21 00:32:56.303
2020-04-21 00:32:57,765446,765426,2020-04-21 00:32:57.379
2020-04-21 00:32:58,765446,765426,2020-04-21 00:32:58.430
2020-04-21 00:32:59,765446,765426,2020-04-21 00:32:59.557
2020-04-21 00:33:00,765446,765426,2020-04-21 00:33:00.631
2020-04-21 00:33:02,765446,765426,2020-04-21 00:33:02.106
2020-04-21 00:33:03,765446,765426,2020-04-21 00:33:03.153
2020-04-21 00:33:04,765446,765426,2020-04-21 00:33:04.174
2020-04-21 00:33:05,765446,765426,2020-04-21 00:33:05.201
2020-04-21 00:33:06,765446,765426,2020-04-21 00:33:06.350
2020-04-21 00:33:07,765446,765426,2020-04-21 00:33:07.371
2020-04-21 00:33:08,765446,765426,2020-04-21 00:33:08.410
2020-04-21 00:33:09,765446,765426,2020-04-21 00:33:09.820
2020-04-21 00:33:10,765446,765497,2020-04-21 00:33:10.873
2020-04-21 00:33:11,765446,765497,2020-04-21 00:33:11.949
2020-04-21 00:33:13,765446,765497,2020-04-21 00:33:13.308
2020-04-21 00:33:14,765446,765497,2020-04-21 00:33:14.431
2020-04-21 00:33:15,765446,765478,2020-04-21 00:33:15.615
2020-04-21 00:33:16,765356,765384,2020-04-21 00:33:16.663
2020-04-21 00:33:17,765369,765384,2020-04-21 00:33:17.722
2020-04-21 00:33:18,765356,765368,2020-04-21 00:33:18.749
2020-04-21 00:33:19,765356,765368,2020-04-21 00:33:19.782
2020-04-21 00:33:20,765356,765368,2020-04-21 00:33:20.849
2020-04-21 00:33:21,765356,765368,2020-04-21 00:33:21.883
2020-04-21 00:33:22,765356,765368,2020-04-21 00:33:22.904
2020-04-21 00:33:23,765356,765368,2020-04-21 00:33:23.910
2020-04-21 00:33:24,765356,765377,2020-04-21 00:33:24.947
2020-04-21 00:33:25,765356,765377,2020-04-21 00:33:25.954
2020-04-21 00:33:27,764975,765245,2020-04-21 00:33:26.985
2020-04-21 00:33:28,764752,765162,2020-04-21 00:33:28.067
2020-04-21 00:33:29,764718,764838,2020-04-21 00:33:29.135
2020-04-21 00:33:30,764660,764791,2020-04-21 00:33:30.167
2020-04-21 00:33:31,764671,764838,2020-04-21 00:33:31.187
2020-04-21 00:33:32,764671,764993,2020-04-21 00:33:32.286
2020-04-21 00:33:33,764715,764816,2020-04-21 00:33:33.322
2020-04-21 00:33:34,764821,764918,2020-04-21 00:33:34.353
2020-04-21 00:33:35,764767,764918,2020-04-21 00:33:35.846
2020-04-21 00:33:36,764799,764842,2020-04-21 00:33:36.966
2020-04-21 00:33:37,764799,764842,2020-04-21 00:33:37.979
2020-04-21 00:33:39,764799,764776,2020-04-21 00:33:39.000
2020-04-21 00:33:40,764799,764821,2020-04-21 00:33:40.081
2020-04-21 00:33:41,764799,764821,2020-04-21 00:33:41.103
2020-04-21 00:33:42,764799,764821,2020-04-21 00:33:42.489
2020-04-21 00:33:43,764799,764817,2020-04-21 00:33:43.607
2020-04-21 00:33:44,764799,764811,2020-04-21 00:33:44.770
2020-04-21 00:33:45,764733,764795,2020-04-21 00:33:45.801
2020-04-21 00:33:46,764654,764757,2020-04-21 00:33:46.827
2020-04-21 00:33:47,764654,764757,2020-04-21 00:33:47.886
2020-04-21 00:33:48,764654,764752,2020-04-21 00:33:48.913
2020-04-21 00:33:50,764654,764752,2020-04-21 00:33:50.029
2020-04-21 00:33:51,764654,764752,2020-04-21 00:33:51.105
2020-04-21 00:33:52,764683,764752,2020-04-21 00:33:52.121
2020-04-21 00:33:53,764683,764752,2020-04-21 00:33:53.127
2020-04-21 00:33:54,764683,764752,2020-04-21 00:33:54.189
2020-04-21 00:33:55,764683,764752,2020-04-21 00:33:55.244
2020-04-21 00:33:56,764688,764752,2020-04-21 00:33:56.252
2020-04-21 00:33:57,764688,764820,2020-04-21 00:33:57.291
2020-04-21 00:33:58,764857,764833,2020-04-21 00:33:58.302
2020-04-21 00:33:59,764857,764841,2020-04-21 00:33:59.363
2020-04-21 00:34:00,764857,764841,2020-04-21 00:34:00.400
2020-04-21 00:34:01,764857,764841,2020-04-21 00:34:01.463
2020-04-21 00:34:02,764857,764848,2020-04-21 00:34:02.480
2020-04-21 00:34:04,764737,764998,2020-04-21 00:34:04.004
2020-04-21 00:34:05,764768,764930,2020-04-21 00:34:05.014
2020-04-21 00:34:06,764835,765032,2020-04-21 00:34:06.093
2020-04-21 00:34:07,764950,765032,2020-04-21 00:34:07.151
2020-04-21 00:34:08,764956,765032,2020-04-21 00:34:08.157
2020-04-21 00:34:09,764956,765032,2020-04-21 00:34:09.186
2020-04-21 00:34:10,764956,765032,2020-04-21 00:34:10.215
2020-04-21 00:34:11,764956,765032,2020-04-21 00:34:11.290
2020-04-21 00:34:12,764956,765032,2020-04-21 00:34:12.358
2020-04-21 00:34:13,764956,765032,2020-04-21 00:34:13.374
2020-04-21 00:34:14,764956,765032,2020-04-21 00:34:14.464
2020-04-21 00:34:15,764956,765032,2020-04-21 00:34:15.633
2020-04-21 00:34:16,764956,765032,2020-04-21 00:34:16.660
2020-04-21 00:34:17,764899,764895,2020-04-21 00:34:17.680
2020-04-21 00:34:18,764899,764895,2020-04-21 00:34:18.712
2020-04-21 00:34:19,764714,765042,2020-04-21 00:34:19.720
2020-04-21 00:34:20,764649,764783,2020-04-21 00:34:20.732
2020-04-21 00:34:21,764657,764760,2020-04-21 00:34:21.923
2020-04-21 00:34:23,764780,764760,2020-04-21 00:34:23.075
2020-04-21 00:34:24,764671,764760,2020-04-21 00:34:24.104
2020-04-21 00:34:25,764657,764663,2020-04-21 00:34:25.121
2020-04-21 00:34:26,764592,764657,2020-04-21 00:34:26.137
2020-04-21 00:34:27,764442,764316,2020-04-21 00:34:27.169
2020-04-21 00:34:28,764288,764474,2020-04-21 00:34:28.485
2020-04-21 00:34:29,764221,764474,2020-04-21 00:34:29.760
2020-04-21 00:34:30,764226,764366,2020-04-21 00:34:30.778
2020-04-21 00:34:31,764226,764366,2020-04-21 00:34:31.784
2020-04-21 00:34:32,764236,764332,2020-04-21 00:34:32.833
2020-04-21 00:34:33,764248,764332,2020-04-21 00:34:33.855
2020-04-21 00:34:34,764255,764332,2020-04-21 00:34:34.890
2020-04-21 00:34:36,764260,764332,2020-04-21 00:34:35.908
2020-04-21 00:34:37,764260,764332,2020-04-21 00:34:37.107
2020-04-21 00:34:38,764258,764332,2020-04-21 00:34:38.153
2020-04-21 00:34:39,764258,764332,2020-04-21 00:34:39.194
2020-04-21 00:34:40,764258,764332,2020-04-21 00:34:40.279
2020-04-21 00:34:41,764258,764332,2020-04-21 00:34:41.370
2020-04-21 00:34:42,764258,764332,2020-04-21 00:34:42.609
2020-04-21 00:34:43,764258,764332,2020-04-21 00:34:43.873
2020-04-21 00:34:44,764258,764332,2020-04-21 00:34:44.902
2020-04-21 00:34:46,764258,764332,2020-04-21 00:34:46.150
2020-04-21 00:34:47,764258,764516,2020-04-21 00:34:47.453
2020-04-21 00:34:48,764322,764510,2020-04-21 00:34:48.513
2020-04-21 00:34:50,764587,764574,2020-04-21 00:34:50.560
2020-04-21 00:34:51,764587,764574,2020-04-21 00:34:51.676
2020-04-21 00:34:52,764587,764574,2020-04-21 00:34:52.883
2020-04-21 00:34:54,764587,764574,2020-04-21 00:34:54.276
2020-04-21 00:34:55,764587,764574,2020-04-21 00:34:55.339
2020-04-21 00:34:56,764587,764639,2020-04-21 00:34:56.995
2020-04-21 00:34:58,764587,764650,2020-04-21 00:34:58.025
2020-04-21 00:34:59,764587,764650,2020-04-21 00:34:59.053
2020-04-21 00:35:00,764538,764635,2020-04-21 00:35:00.065
2020-04-21 00:35:01,764556,764635,2020-04-21 00:35:01.121
2020-04-21 00:35:02,764601,764769,2020-04-21 00:35:02.211
2020-04-21 00:35:03,764601,764769,2020-04-21 00:35:03.254
2020-04-21 00:35:04,764601,764769,2020-04-21 00:35:04.716
2020-04-21 00:35:05,764601,764768,2020-04-21 00:35:05.728
2020-04-21 00:35:06,764606,764768,2020-04-21 00:35:06.757
2020-04-21 00:35:07,764606,764805,2020-04-21 00:35:07.796
2020-04-21 00:35:08,764626,764805,2020-04-21 00:35:08.883
2020-04-21 00:35:09,764632,764805,2020-04-21 00:35:09.942
2020-04-21 00:35:11,764650,764805,2020-04-21 00:35:11.119
2020-04-21 00:35:12,764658,764805,2020-04-21 00:35:12.148
2020-04-21 00:35:13,764750,764805,2020-04-21 00:35:13.272
2020-04-21 00:35:14,764759,764805,2020-04-21 00:35:14.883
2020-04-21 00:35:15,764809,764809,2020-04-21 00:35:15.967
2020-04-21 00:35:17,764809,764809,2020-04-21 00:35:17.362
2020-04-21 00:35:18,764809,764809,2020-04-21 00:35:18.784
2020-04-21 00:35:20,764809,764809,2020-04-21 00:35:20.017
2020-04-21 00:35:21,764809,764809,2020-04-21 00:35:21.383
2020-04-21 00:35:22,764818,764809,2020-04-21 00:35:22.427
2020-04-21 00:35:23,764818,764809,2020-04-21 00:35:23.780
2020-04-21 00:35:24,764818,764809,2020-04-21 00:35:24.937
2020-04-21 00:35:25,764818,764809,2020-04-21 00:35:25.938
2020-04-21 00:35:26,764818,764809,2020-04-21 00:35:26.945
2020-04-21 00:35:27,764976,764809,2020-04-21 00:35:27.981
2020-04-21 00:35:28,765058,765001,2020-04-21 00:35:28.989
2020-04-21 00:35:30,765057,765001,2020-04-21 00:35:29.997
2020-04-21 00:35:31,765058,765001,2020-04-21 00:35:31.233
2020-04-21 00:35:32,765060,765001,2020-04-21 00:35:32.349
2020-04-21 00:35:33,765060,765001,2020-04-21 00:35:33.385
2020-04-21 00:35:34,765062,765001,2020-04-21 00:35:34.733
2020-04-21 00:35:35,765063,765001,2020-04-21 00:35:35.792
2020-04-21 00:35:36,765065,765001,2020-04-21 00:35:36.822
2020-04-21 00:35:37,765190,765206,2020-04-21 00:35:37.900
2020-04-21 00:35:39,765190,765206,2020-04-21 00:35:39.131
2020-04-21 00:35:40,765190,765206,2020-04-21 00:35:40.431
2020-04-21 00:35:41,765190,765206,2020-04-21 00:35:41.455
2020-04-21 00:35:42,765190,765205,2020-04-21 00:35:42.467
2020-04-21 00:35:43,765190,765206,2020-04-21 00:35:43.499
2020-04-21 00:35:44,765190,765206,2020-04-21 00:35:44.534
2020-04-21 00:35:45,765306,765442,2020-04-21 00:35:45.549
2020-04-21 00:35:46,765306,765498,2020-04-21 00:35:46.603
2020-04-21 00:35:47,765409,765481,2020-04-21 00:35:47.634
2020-04-21 00:35:48,765412,765474,2020-04-21 00:35:48.651
2020-04-21 00:35:49,765416,765441,2020-04-21 00:35:49.749
2020-04-21 00:35:50,765420,765441,2020-04-21 00:35:50.786
2020-04-21 00:35:52,765430,765438,2020-04-21 00:35:52.116
2020-04-21 00:35:53,765434,765440,2020-04-21 00:35:53.334
2020-04-21 00:35:54,765436,765440,2020-04-21 00:35:54.645
2020-04-21 00:35:55,765483,765668,2020-04-21 00:35:55.689
2020-04-21 00:35:56,765483,765668,2020-04-21 00:35:56.714
2020-04-21 00:35:57,765437,765668,2020-04-21 00:35:57.743
2020-04-21 00:35:58,765420,765665,2020-04-21 00:35:58.767
2020-04-21 00:35:59,765436,765620,2020-04-21 00:35:59.816
2020-04-21 00:36:00,765408,765451,2020-04-21 00:36:00.918
2020-04-21 00:36:02,765408,765615,2020-04-21 00:36:02.129
2020-04-21 00:36:03,765428,765447,2020-04-21 00:36:03.188
2020-04-21 00:36:04,765284,765360,2020-04-21 00:36:04.195
2020-04-21 00:36:05,765298,765360,2020-04-21 00:36:05.227
2020-04-21 00:36:06,765289,765360,2020-04-21 00:36:06.427
2020-04-21 00:36:08,765289,765360,2020-04-21 00:36:08.954
2020-04-21 00:36:10,765242,765360,2020-04-21 00:36:10.021
2020-04-21 00:36:11,765276,765350,2020-04-21 00:36:11.032
2020-04-21 00:36:12,765276,765350,2020-04-21 00:36:12.059
2020-04-21 00:36:13,765276,765350,2020-04-21 00:36:13.295
2020-04-21 00:36:14,765288,765396,2020-04-21 00:36:14.307
2020-04-21 00:36:15,765288,765396,2020-04-21 00:36:15.428
2020-04-21 00:36:16,765290,765396,2020-04-21 00:36:16.451
2020-04-21 00:36:17,765312,765396,2020-04-21 00:36:17.539
2020-04-21 00:36:18,765312,765396,2020-04-21 00:36:18.547
2020-04-21 00:36:19,765312,765396,2020-04-21 00:36:19.616
2020-04-21 00:36:20,765312,765396,2020-04-21 00:36:20.656
2020-04-21 00:36:21,765312,765396,2020-04-21 00:36:21.701
2020-04-21 00:36:22,765312,765396,2020-04-21 00:36:22.735
2020-04-21 00:36:23,765312,765396,2020-04-21 00:36:23.775
2020-04-21 00:36:24,765312,765396,2020-04-21 00:36:24.833
2020-04-21 00:36:25,765312,765396,2020-04-21 00:36:25.889
2020-04-21 00:36:27,765290,765287,2020-04-21 00:36:27.151
2020-04-21 00:36:28,765290,765287,2020-04-21 00:36:28.186
2020-04-21 00:36:29,765290,765287,2020-04-21 00:36:29.223
2020-04-21 00:36:30,765221,765222,2020-04-21 00:36:30.268
2020-04-21 00:36:31,765221,765222,2020-04-21 00:36:31.278
2020-04-21 00:36:32,765227,765287,2020-04-21 00:36:32.338
2020-04-21 00:36:33,765227,765287,2020-04-21 00:36:33.466
2020-04-21 00:36:34,765227,765287,2020-04-21 00:36:34.490
2020-04-21 00:36:35,765227,765287,2020-04-21 00:36:35.534
2020-04-21 00:36:36,765227,765287,2020-04-21 00:36:36.854
2020-04-21 00:36:37,765242,765287,2020-04-21 00:36:37.952
2020-04-21 00:36:39,765244,765287,2020-04-21 00:36:39.022
2020-04-21 00:36:40,765244,765287,2020-04-21 00:36:40.122
2020-04-21 00:36:41,765244,765287,2020-04-21 00:36:41.269
2020-04-21 00:36:42,765244,765287,2020-04-21 00:36:42.788
2020-04-21 00:36:44,765244,765287,2020-04-21 00:36:44.023
2020-04-21 00:36:45,765247,765287,2020-04-21 00:36:45.254
2020-04-21 00:36:46,765247,765287,2020-04-21 00:36:46.272
2020-04-21 00:36:47,765193,765287,2020-04-21 00:36:47.291
2020-04-21 00:36:48,765194,765287,2020-04-21 00:36:48.358
2020-04-21 00:36:49,765194,765287,2020-04-21 00:36:49.745
2020-04-21 00:36:50,765198,765403,2020-04-21 00:36:50.785
2020-04-21 00:36:51,765214,765386,2020-04-21 00:36:51.797
2020-04-21 00:36:52,765226,765386,2020-04-21 00:36:52.819
2020-04-21 00:36:53,765237,765386,2020-04-21 00:36:53.840
2020-04-21 00:36:54,765237,765370,2020-04-21 00:36:54.847
2020-04-21 00:36:55,765259,765369,2020-04-21 00:36:55.848
2020-04-21 00:36:56,765259,765268,2020-04-21 00:36:56.871
2020-04-21 00:36:57,765259,765268,2020-04-21 00:36:57.979
2020-04-21 00:36:59,765181,765268,2020-04-21 00:36:58.998
2020-04-21 00:37:00,765181,765268,2020-04-21 00:37:00.017
2020-04-21 00:37:01,765157,765108,2020-04-21 00:37:01.129
2020-04-21 00:37:02,765052,765108,2020-04-21 00:37:02.161
2020-04-21 00:37:03,765054,765108,2020-04-21 00:37:03.891
2020-04-21 00:37:04,764928,764978,2020-04-21 00:37:04.916
2020-04-21 00:37:05,764984,765090,2020-04-21 00:37:05.928
2020-04-21 00:37:06,764928,764984,2020-04-21 00:37:06.963
2020-04-21 00:37:07,764928,764979,2020-04-21 00:37:07.978
2020-04-21 00:37:09,764928,764984,2020-04-21 00:37:09.018
2020-04-21 00:37:10,764928,764979,2020-04-21 00:37:10.475
2020-04-21 00:37:11,764928,765015,2020-04-21 00:37:11.509
2020-04-21 00:37:13,764928,765004,2020-04-21 00:37:13.074
2020-04-21 00:37:14,764891,764887,2020-04-21 00:37:14.210
2020-04-21 00:37:15,764891,764887,2020-04-21 00:37:15.222
2020-04-21 00:37:16,764891,764887,2020-04-21 00:37:16.290
2020-04-21 00:37:17,764844,764841,2020-04-21 00:37:17.938
2020-04-21 00:37:19,764779,764909,2020-04-21 00:37:19.034
2020-04-21 00:37:20,764779,764800,2020-04-21 00:37:20.060
2020-04-21 00:37:21,764779,764775,2020-04-21 00:37:21.089
2020-04-21 00:37:22,764711,764708,2020-04-21 00:37:22.161
2020-04-21 00:37:23,764705,764775,2020-04-21 00:37:23.691
2020-04-21 00:37:24,764705,764700,2020-04-21 00:37:24.769
2020-04-21 00:37:26,764584,764700,2020-04-21 00:37:26.033
2020-04-21 00:37:27,764584,764700,2020-04-21 00:37:27.307
2020-04-21 00:37:28,764584,764737,2020-04-21 00:37:28.355
2020-04-21 00:37:29,764584,764737,2020-04-21 00:37:29.404
2020-04-21 00:37:30,764584,764695,2020-04-21 00:37:30.417
2020-04-21 00:37:31,764584,764604,2020-04-21 00:37:31.490
2020-04-21 00:37:32,764584,764604,2020-04-21 00:37:32.494
2020-04-21 00:37:33,764584,764604,2020-04-21 00:37:33.545
2020-04-21 00:37:34,764584,764604,2020-04-21 00:37:34.605
2020-04-21 00:37:35,764584,764604,2020-04-21 00:37:35.634
2020-04-21 00:37:36,764584,764604,2020-04-21 00:37:36.771
2020-04-21 00:37:37,764584,764604,2020-04-21 00:37:37.787
2020-04-21 00:37:38,764560,764604,2020-04-21 00:37:38.855
2020-04-21 00:37:39,764560,764711,2020-04-21 00:37:39.868
2020-04-21 00:37:40,764560,764688,2020-04-21 00:37:40.895
2020-04-21 00:37:41,764693,764728,2020-04-21 00:37:41.933
2020-04-21 00:37:42,764701,764772,2020-04-21 00:37:42.959
2020-04-21 00:37:44,764749,764766,2020-04-21 00:37:44.015
2020-04-21 00:37:45,764749,764766,2020-04-21 00:37:45.023
2020-04-21 00:37:46,764749,764766,2020-04-21 00:37:46.033
2020-04-21 00:37:47,764749,764766,2020-04-21 00:37:47.084
2020-04-21 00:37:48,764780,764773,2020-04-21 00:37:48.110
2020-04-21 00:37:49,764780,764943,2020-04-21 00:37:49.163
2020-04-21 00:37:50,764790,764943,2020-04-21 00:37:50.509
2020-04-21 00:37:51,764790,764940,2020-04-21 00:37:51.528
2020-04-21 00:37:52,764790,764940,2020-04-21 00:37:52.870
2020-04-21 00:37:54,764798,764930,2020-04-21 00:37:54.050
2020-04-21 00:37:55,764798,764991,2020-04-21 00:37:55.095
2020-04-21 00:37:56,765027,765118,2020-04-21 00:37:56.130
2020-04-21 00:37:57,765007,765123,2020-04-21 00:37:57.193
2020-04-21 00:37:58,765007,765064,2020-04-21 00:37:58.287
2020-04-21 00:37:59,765007,765064,2020-04-21 00:37:59.319
2020-04-21 00:38:00,765007,765061,2020-04-21 00:38:00.436
2020-04-21 00:38:01,765007,765061,2020-04-21 00:38:01.534
2020-04-21 00:38:02,765044,765088,2020-04-21 00:38:02.550
2020-04-21 00:38:03,765004,765039,2020-04-21 00:38:03.568
2020-04-21 00:38:04,765004,765003,2020-04-21 00:38:04.581
2020-04-21 00:38:05,764912,765003,2020-04-21 00:38:05.587
2020-04-21 00:38:06,764831,764926,2020-04-21 00:38:06.772
2020-04-21 00:38:07,764831,764850,2020-04-21 00:38:07.823
2020-04-21 00:38:08,765131,765154,2020-04-21 00:38:08.927
2020-04-21 00:38:09,764963,765031,2020-04-21 00:38:09.936
2020-04-21 00:38:10,764966,765061,2020-04-21 00:38:10.976
2020-04-21 00:38:12,764966,765044,2020-04-21 00:38:12.120
2020-04-21 00:38:13,764966,765044,2020-04-21 00:38:13.143
2020-04-21 00:38:14,764966,764994,2020-04-21 00:38:14.155
2020-04-21 00:38:15,764966,764994,2020-04-21 00:38:15.326
2020-04-21 00:38:16,764892,764994,2020-04-21 00:38:16.352
2020-04-21 00:38:17,764889,764955,2020-04-21 00:38:17.384
2020-04-21 00:38:18,764889,764903,2020-04-21 00:38:18.426
2020-04-21 00:38:19,764842,764853,2020-04-21 00:38:19.451
2020-04-21 00:38:20,764831,764853,2020-04-21 00:38:20.486
2020-04-21 00:38:21,764829,764849,2020-04-21 00:38:21.504
2020-04-21 00:38:22,764809,764826,2020-04-21 00:38:22.645
2020-04-21 00:38:23,764809,764826,2020-04-21 00:38:23.710
2020-04-21 00:38:24,764809,764809,2020-04-21 00:38:24.776
2020-04-21 00:38:25,764735,764776,2020-04-21 00:38:25.802
2020-04-21 00:38:27,764721,764710,2020-04-21 00:38:27.324
2020-04-21 00:38:28,764721,764710,2020-04-21 00:38:28.331
2020-04-21 00:38:29,764623,764649,2020-04-21 00:38:29.339
2020-04-21 00:38:30,764599,764649,2020-04-21 00:38:30.364
2020-04-21 00:38:31,764538,764649,2020-04-21 00:38:31.386
2020-04-21 00:38:32,764573,764649,2020-04-21 00:38:32.411
2020-04-21 00:38:33,764573,764649,2020-04-21 00:38:33.433
2020-04-21 00:38:34,764573,764649,2020-04-21 00:38:34.825
2020-04-21 00:38:35,764684,764696,2020-04-21 00:38:35.836
2020-04-21 00:38:36,764684,764696,2020-04-21 00:38:36.840
2020-04-21 00:38:37,764684,764696,2020-04-21 00:38:37.878
2020-04-21 00:38:38,764684,764696,2020-04-21 00:38:38.892
2020-04-21 00:38:39,764684,764683,2020-04-21 00:38:39.991
2020-04-21 00:38:41,764684,764683,2020-04-21 00:38:41.291
2020-04-21 00:38:42,764684,764683,2020-04-21 00:38:42.377
2020-04-21 00:38:43,764684,764683,2020-04-21 00:38:43.612
2020-04-21 00:38:44,764763,764710,2020-04-21 00:38:44.633
2020-04-21 00:38:45,764848,764849,2020-04-21 00:38:45.698
2020-04-21 00:38:46,764848,764849,2020-04-21 00:38:46.711
2020-04-21 00:38:48,764848,764846,2020-04-21 00:38:48.303
2020-04-21 00:38:49,764763,764761,2020-04-21 00:38:49.324
2020-04-21 00:38:50,764763,764761,2020-04-21 00:38:50.352
2020-04-21 00:38:51,764709,764761,2020-04-21 00:38:51.378
2020-04-21 00:38:52,764709,764708,2020-04-21 00:38:52.396
2020-04-21 00:38:53,764709,764708,2020-04-21 00:38:53.459
2020-04-21 00:38:54,764638,764639,2020-04-21 00:38:54.486
2020-04-21 00:38:55,764644,764708,2020-04-21 00:38:55.652
2020-04-21 00:38:56,764644,764708,2020-04-21 00:38:56.718
2020-04-21 00:38:57,764644,764708,2020-04-21 00:38:57.795
2020-04-21 00:38:58,764644,764708,2020-04-21 00:38:58.845
2020-04-21 00:38:59,764495,764496,2020-04-21 00:38:59.917
2020-04-21 00:39:00,764495,764496,2020-04-21 00:39:00.936
2020-04-21 00:39:02,764495,764496,2020-04-21 00:39:02.235
2020-04-21 00:39:03,764495,764571,2020-04-21 00:39:03.243
2020-04-21 00:39:04,764306,764485,2020-04-21 00:39:04.286
2020-04-21 00:39:05,764256,764306,2020-04-21 00:39:05.293
2020-04-21 00:39:06,764256,764306,2020-04-21 00:39:06.303
2020-04-21 00:39:07,764256,764254,2020-04-21 00:39:07.333
2020-04-21 00:39:08,764259,764227,2020-04-21 00:39:08.453
2020-04-21 00:39:09,764259,764391,2020-04-21 00:39:09.711
2020-04-21 00:39:10,764336,764387,2020-04-21 00:39:10.736
2020-04-21 00:39:11,764409,764391,2020-04-21 00:39:11.789
2020-04-21 00:39:12,764409,764391,2020-04-21 00:39:12.793
2020-04-21 00:39:13,764483,764433,2020-04-21 00:39:13.818
2020-04-21 00:39:14,764495,764495,2020-04-21 00:39:14.892
2020-04-21 00:39:15,764495,764495,2020-04-21 00:39:15.957
2020-04-21 00:39:17,764495,764543,2020-04-21 00:39:17.074
2020-04-21 00:39:18,764495,764543,2020-04-21 00:39:18.097
2020-04-21 00:39:19,764495,764695,2020-04-21 00:39:19.195
2020-04-21 00:39:20,764439,764683,2020-04-21 00:39:20.228
2020-04-21 00:39:21,764457,764655,2020-04-21 00:39:21.249
2020-04-21 00:39:22,764457,764547,2020-04-21 00:39:22.294
2020-04-21 00:39:23,764462,764547,2020-04-21 00:39:23.472
2020-04-21 00:39:24,764462,764547,2020-04-21 00:39:24.487
2020-04-21 00:39:25,764462,764547,2020-04-21 00:39:25.520
2020-04-21 00:39:26,764457,764547,2020-04-21 00:39:26.578
2020-04-21 00:39:27,764457,764547,2020-04-21 00:39:27.593
2020-04-21 00:39:28,764461,764547,2020-04-21 00:39:28.628
2020-04-21 00:39:29,764461,764547,2020-04-21 00:39:29.637
2020-04-21 00:39:30,764480,764547,2020-04-21 00:39:30.660
2020-04-21 00:39:31,764495,764547,2020-04-21 00:39:31.831
2020-04-21 00:39:33,764521,764703,2020-04-21 00:39:33.041
2020-04-21 00:39:34,764526,764703,2020-04-21 00:39:34.048
2020-04-21 00:39:35,764538,764703,2020-04-21 00:39:35.085
2020-04-21 00:39:36,764538,764703,2020-04-21 00:39:36.107
2020-04-21 00:39:37,764538,764818,2020-04-21 00:39:37.146
2020-04-21 00:39:38,764694,764814,2020-04-21 00:39:38.172
2020-04-21 00:39:39,764694,764814,2020-04-21 00:39:39.603
2020-04-21 00:39:40,764694,764813,2020-04-21 00:39:40.612
2020-04-21 00:39:41,764796,764864,2020-04-21 00:39:41.629
2020-04-21 00:39:42,764887,764954,2020-04-21 00:39:42.656
2020-04-21 00:39:43,764920,764954,2020-04-21 00:39:43.854
2020-04-21 00:39:45,764920,764954,2020-04-21 00:39:45.005
2020-04-21 00:39:46,764920,765230,2020-04-21 00:39:46.012
2020-04-21 00:39:47,765218,765233,2020-04-21 00:39:47.023
2020-04-21 00:39:48,765008,765232,2020-04-21 00:39:48.185
2020-04-21 00:39:49,765073,765161,2020-04-21 00:39:49.218
2020-04-21 00:39:50,765082,765148,2020-04-21 00:39:50.386
2020-04-21 00:39:51,764993,765004,2020-04-21 00:39:51.602
2020-04-21 00:39:52,764993,765004,2020-04-21 00:39:52.668
2020-04-21 00:39:53,764993,764988,2020-04-21 00:39:53.922
2020-04-21 00:39:54,764939,764982,2020-04-21 00:39:54.958
2020-04-21 00:39:56,764833,764881,2020-04-21 00:39:56.019
2020-04-21 00:39:57,764817,764813,2020-04-21 00:39:57.081
2020-04-21 00:39:58,764817,764813,2020-04-21 00:39:58.119
2020-04-21 00:39:59,764817,764813,2020-04-21 00:39:59.141
2020-04-21 00:40:00,764749,764745,2020-04-21 00:40:00.149
2020-04-21 00:40:01,764749,764742,2020-04-21 00:40:01.177
2020-04-21 00:40:02,764736,764745,2020-04-21 00:40:02.210
2020-04-21 00:40:03,764762,764745,2020-04-21 00:40:03.228
2020-04-21 00:40:04,764762,764745,2020-04-21 00:40:04.500
2020-04-21 00:40:05,764762,764745,2020-04-21 00:40:05.537
2020-04-21 00:40:06,764770,764745,2020-04-21 00:40:06.709
2020-04-21 00:40:07,764762,764745,2020-04-21 00:40:07.840
2020-04-21 00:40:08,764762,764745,2020-04-21 00:40:08.920
2020-04-21 00:40:10,764762,764745,2020-04-21 00:40:10.014
2020-04-21 00:40:11,764762,764745,2020-04-21 00:40:11.093
2020-04-21 00:40:12,764762,764745,2020-04-21 00:40:12.144
2020-04-21 00:40:13,764763,764745,2020-04-21 00:40:13.343
2020-04-21 00:40:14,764763,764745,2020-04-21 00:40:14.407
2020-04-21 00:40:15,764770,764745,2020-04-21 00:40:15.828
2020-04-21 00:40:16,764770,764745,2020-04-21 00:40:16.841
2020-04-21 00:40:17,764686,764745,2020-04-21 00:40:17.891
2020-04-21 00:40:18,764656,764745,2020-04-21 00:40:18.905
2020-04-21 00:40:19,764634,764707,2020-04-21 00:40:19.932
2020-04-21 00:40:20,764634,764651,2020-04-21 00:40:20.958
2020-04-21 00:40:21,764634,764651,2020-04-21 00:40:21.993
2020-04-21 00:40:23,764626,764622,2020-04-21 00:40:23.019
2020-04-21 00:40:24,764626,764622,2020-04-21 00:40:24.036
2020-04-21 00:40:25,764626,764622,2020-04-21 00:40:25.417
2020-04-21 00:40:26,764573,764622,2020-04-21 00:40:26.839
2020-04-21 00:40:27,764573,764622,2020-04-21 00:40:27.901
2020-04-21 00:40:29,764573,764622,2020-04-21 00:40:29.310
2020-04-21 00:40:30,764516,764622,2020-04-21 00:40:30.321
2020-04-21 00:40:31,764516,764622,2020-04-21 00:40:31.326
2020-04-21 00:40:32,764516,764622,2020-04-21 00:40:32.359
2020-04-21 00:40:33,764516,764622,2020-04-21 00:40:33.372
2020-04-21 00:40:34,764516,764622,2020-04-21 00:40:34.579
2020-04-21 00:40:35,764516,764622,2020-04-21 00:40:35.666
2020-04-21 00:40:36,764516,764622,2020-04-21 00:40:36.692
2020-04-21 00:40:37,764516,764622,2020-04-21 00:40:37.786
2020-04-21 00:40:38,764516,764622,2020-04-21 00:40:38.841
2020-04-21 00:40:39,764516,764608,2020-04-21 00:40:39.922
2020-04-21 00:40:40,764516,764608,2020-04-21 00:40:40.947
2020-04-21 00:40:42,764516,764595,2020-04-21 00:40:42.023
2020-04-21 00:40:43,764516,764595,2020-04-21 00:40:43.672
2020-04-21 00:40:44,764600,764608,2020-04-21 00:40:44.688
2020-04-21 00:40:45,764600,764608,2020-04-21 00:40:45.760
2020-04-21 00:40:46,764600,764608,2020-04-21 00:40:46.986
2020-04-21 00:40:48,764516,764608,2020-04-21 00:40:48.004
2020-04-21 00:40:49,764516,764608,2020-04-21 00:40:49.044
2020-04-21 00:40:50,764516,764608,2020-04-21 00:40:50.116
2020-04-21 00:40:51,764516,764608,2020-04-21 00:40:51.132
2020-04-21 00:40:52,764516,764608,2020-04-21 00:40:52.212
2020-04-21 00:40:53,764516,764608,2020-04-21 00:40:53.939
2020-04-21 00:40:55,764516,764608,2020-04-21 00:40:55.109
2020-04-21 00:40:56,764515,764514,2020-04-21 00:40:56.140
2020-04-21 00:40:57,764515,764510,2020-04-21 00:40:57.154
2020-04-21 00:40:58,764489,764510,2020-04-21 00:40:58.168
2020-04-21 00:40:59,764489,764510,2020-04-21 00:40:59.231
2020-04-21 00:41:00,764489,764502,2020-04-21 00:41:00.827
2020-04-21 00:41:01,764489,764502,2020-04-21 00:41:01.852
2020-04-21 00:41:02,764489,764502,2020-04-21 00:41:02.947
2020-04-21 00:41:04,764489,764498,2020-04-21 00:41:04.003
2020-04-21 00:41:05,764489,764498,2020-04-21 00:41:05.030
2020-04-21 00:41:06,764489,764498,2020-04-21 00:41:06.060
2020-04-21 00:41:07,764548,764566,2020-04-21 00:41:07.157
2020-04-21 00:41:08,764548,764566,2020-04-21 00:41:08.218
2020-04-21 00:41:09,764548,764566,2020-04-21 00:41:09.556
2020-04-21 00:41:10,764509,764543,2020-04-21 00:41:10.583
2020-04-21 00:41:11,764509,764617,2020-04-21 00:41:11.623
2020-04-21 00:41:12,764509,764617,2020-04-21 00:41:12.637
2020-04-21 00:41:14,764489,764581,2020-04-21 00:41:14.081
2020-04-21 00:41:15,764489,764581,2020-04-21 00:41:15.097
2020-04-21 00:41:16,764457,764580,2020-04-21 00:41:16.137
2020-04-21 00:41:17,764457,764580,2020-04-21 00:41:17.163
2020-04-21 00:41:18,764457,764580,2020-04-21 00:41:18.173
2020-04-21 00:41:19,764457,764580,2020-04-21 00:41:19.189
2020-04-21 00:41:20,764457,764580,2020-04-21 00:41:20.228
2020-04-21 00:41:21,764457,764580,2020-04-21 00:41:21.421
2020-04-21 00:41:22,764457,764617,2020-04-21 00:41:22.446
2020-04-21 00:41:24,764757,764761,2020-04-21 00:41:24.253
2020-04-21 00:41:25,764725,764794,2020-04-21 00:41:25.283
2020-04-21 00:41:26,764807,764808,2020-04-21 00:41:26.325
2020-04-21 00:41:27,764807,764777,2020-04-21 00:41:27.333
2020-04-21 00:41:28,764698,764777,2020-04-21 00:41:28.566
2020-04-21 00:41:29,764698,764777,2020-04-21 00:41:29.580
2020-04-21 00:41:30,764583,764566,2020-04-21 00:41:30.614
2020-04-21 00:41:31,764583,764566,2020-04-21 00:41:31.625
2020-04-21 00:41:32,764583,764566,2020-04-21 00:41:32.681
2020-04-21 00:41:33,764583,764566,2020-04-21 00:41:33.760
2020-04-21 00:41:34,764538,764566,2020-04-21 00:41:34.906
2020-04-21 00:41:36,764538,764566,2020-04-21 00:41:36.440
2020-04-21 00:41:37,764493,764552,2020-04-21 00:41:37.805
2020-04-21 00:41:38,764493,764552,2020-04-21 00:41:38.891
2020-04-21 00:41:40,764493,764543,2020-04-21 00:41:40.011
2020-04-21 00:41:41,764493,764543,2020-04-21 00:41:41.233
2020-04-21 00:41:43,764493,764543,2020-04-21 00:41:43.028
2020-04-21 00:41:44,764493,764543,2020-04-21 00:41:44.032
2020-04-21 00:41:45,764493,764543,2020-04-21 00:41:45.039
2020-04-21 00:41:46,764493,764542,2020-04-21 00:41:46.147
2020-04-21 00:41:47,764493,764542,2020-04-21 00:41:47.192
2020-04-21 00:41:48,764493,764542,2020-04-21 00:41:48.217
2020-04-21 00:41:49,764493,764542,2020-04-21 00:41:49.791
2020-04-21 00:41:50,764517,764542,2020-04-21 00:41:50.843
2020-04-21 00:41:51,764517,764542,2020-04-21 00:41:51.950
2020-04-21 00:41:53,764517,764542,2020-04-21 00:41:53.205
2020-04-21 00:41:54,764562,764542,2020-04-21 00:41:54.219
2020-04-21 00:41:55,764569,764542,2020-04-21 00:41:55.315
2020-04-21 00:41:56,764570,764542,2020-04-21 00:41:56.333
2020-04-21 00:41:57,764570,764542,2020-04-21 00:41:57.356
2020-04-21 00:41:58,764570,764542,2020-04-21 00:41:58.382
2020-04-21 00:41:59,764569,764542,2020-04-21 00:41:59.403
2020-04-21 00:42:00,764569,764542,2020-04-21 00:42:00.570
2020-04-21 00:42:01,764569,764542,2020-04-21 00:42:01.610
2020-04-21 00:42:02,764581,764542,2020-04-21 00:42:02.612
2020-04-21 00:42:03,764581,764542,2020-04-21 00:42:03.658
2020-04-21 00:42:04,764581,764542,2020-04-21 00:42:04.673
2020-04-21 00:42:06,764581,764542,2020-04-21 00:42:06.043
2020-04-21 00:42:07,764581,764542,2020-04-21 00:42:07.193
2020-04-21 00:42:08,764581,764542,2020-04-21 00:42:08.367
2020-04-21 00:42:09,764581,764542,2020-04-21 00:42:09.417
2020-04-21 00:42:10,764581,764542,2020-04-21 00:42:10.594
2020-04-21 00:42:11,764581,764542,2020-04-21 00:42:11.681
2020-04-21 00:42:12,764505,764542,2020-04-21 00:42:12.744
2020-04-21 00:42:13,764505,764542,2020-04-21 00:42:13.813
2020-04-21 00:42:15,764505,764542,2020-04-21 00:42:15.015
2020-04-21 00:42:16,764505,764542,2020-04-21 00:42:16.040
2020-04-21 00:42:17,764505,764542,2020-04-21 00:42:17.066
2020-04-21 00:42:18,764363,764542,2020-04-21 00:42:18.257
2020-04-21 00:42:19,764368,764475,2020-04-21 00:42:19.370
2020-04-21 00:42:20,764368,764475,2020-04-21 00:42:20.893
2020-04-21 00:42:21,764363,764475,2020-04-21 00:42:21.950
2020-04-21 00:42:23,764363,764475,2020-04-21 00:42:23.004
2020-04-21 00:42:24,764363,764475,2020-04-21 00:42:24.060
2020-04-21 00:42:25,764389,764593,2020-04-21 00:42:25.592
2020-04-21 00:42:26,764389,764588,2020-04-21 00:42:26.856
2020-04-21 00:42:27,764500,764578,2020-04-21 00:42:27.920
2020-04-21 00:42:28,764500,764567,2020-04-21 00:42:28.934
2020-04-21 00:42:30,764500,764567,2020-04-21 00:42:29.936
2020-04-21 00:42:31,764503,764558,2020-04-21 00:42:31.257
2020-04-21 00:42:32,764503,764558,2020-04-21 00:42:32.505
2020-04-21 00:42:33,764503,764551,2020-04-21 00:42:33.574
2020-04-21 00:42:34,764503,764551,2020-04-21 00:42:34.604
2020-04-21 00:42:35,764503,764551,2020-04-21 00:42:35.630
2020-04-21 00:42:36,764503,764551,2020-04-21 00:42:36.660
2020-04-21 00:42:37,764503,764551,2020-04-21 00:42:37.778
2020-04-21 00:42:38,764503,764566,2020-04-21 00:42:38.799
2020-04-21 00:42:39,764503,764566,2020-04-21 00:42:39.862
2020-04-21 00:42:40,764503,764564,2020-04-21 00:42:40.939
2020-04-21 00:42:42,764503,764563,2020-04-21 00:42:42.224
2020-04-21 00:42:43,764561,764549,2020-04-21 00:42:43.275
2020-04-21 00:42:44,764506,764561,2020-04-21 00:42:44.295
2020-04-21 00:42:45,764506,764561,2020-04-21 00:42:45.349
2020-04-21 00:42:46,764506,764561,2020-04-21 00:42:46.595
2020-04-21 00:42:47,764506,764561,2020-04-21 00:42:47.907
2020-04-21 00:42:48,764506,764561,2020-04-21 00:42:48.919
2020-04-21 00:42:50,764352,764527,2020-04-21 00:42:50.011
2020-04-21 00:42:51,764385,764527,2020-04-21 00:42:51.066
2020-04-21 00:42:52,764385,764527,2020-04-21 00:42:52.111
2020-04-21 00:42:53,764385,764526,2020-04-21 00:42:53.166
2020-04-21 00:42:55,764385,764526,2020-04-21 00:42:55.023
2020-04-21 00:42:56,764206,764295,2020-04-21 00:42:56.658
2020-04-21 00:42:57,764023,764201,2020-04-21 00:42:57.682
2020-04-21 00:42:58,763891,764130,2020-04-21 00:42:58.720
2020-04-21 00:42:59,764023,764097,2020-04-21 00:42:59.772
2020-04-21 00:43:00,763887,764085,2020-04-21 00:43:00.864
2020-04-21 00:43:01,763682,764085,2020-04-21 00:43:01.924
2020-04-21 00:43:03,763901,764031,2020-04-21 00:43:03.615
2020-04-21 00:43:04,763901,764035,2020-04-21 00:43:04.648
2020-04-21 00:43:05,764034,764035,2020-04-21 00:43:05.686
2020-04-21 00:43:06,764059,764054,2020-04-21 00:43:06.697
2020-04-21 00:43:07,764106,764102,2020-04-21 00:43:07.712
2020-04-21 00:43:08,764106,764102,2020-04-21 00:43:08.882
2020-04-21 00:43:10,764106,764098,2020-04-21 00:43:10.033
2020-04-21 00:43:11,764171,764166,2020-04-21 00:43:11.073
2020-04-21 00:43:12,764171,764161,2020-04-21 00:43:12.092
2020-04-21 00:43:13,764029,764161,2020-04-21 00:43:13.127
2020-04-21 00:43:14,764029,764153,2020-04-21 00:43:14.200
2020-04-21 00:43:15,764029,764153,2020-04-21 00:43:15.241
2020-04-21 00:43:16,764029,764153,2020-04-21 00:43:16.256
2020-04-21 00:43:17,763985,764024,2020-04-21 00:43:17.332
2020-04-21 00:43:18,763985,763963,2020-04-21 00:43:18.365
2020-04-21 00:43:19,763915,763963,2020-04-21 00:43:19.396
2020-04-21 00:43:20,763602,763879,2020-04-21 00:43:20.411
2020-04-21 00:43:21,763598,763862,2020-04-21 00:43:21.513
2020-04-21 00:43:22,763597,763640,2020-04-21 00:43:22.524
2020-04-21 00:43:23,763504,763537,2020-04-21 00:43:23.535
2020-04-21 00:43:24,763355,763408,2020-04-21 00:43:24.558
2020-04-21 00:43:25,763355,763408,2020-04-21 00:43:25.572
2020-04-21 00:43:26,763322,763343,2020-04-21 00:43:26.608
2020-04-21 00:43:28,763318,763334,2020-04-21 00:43:28.635
2020-04-21 00:43:30,763166,763046,2020-04-21 00:43:30.011
2020-04-21 00:43:32,763045,762984,2020-04-21 00:43:32.839
2020-04-21 00:43:33,763076,763249,2020-04-21 00:43:33.857
2020-04-21 00:43:34,763094,763217,2020-04-21 00:43:34.929
2020-04-21 00:43:36,763094,763100,2020-04-21 00:43:36.085
2020-04-21 00:43:37,763149,763264,2020-04-21 00:43:37.094
2020-04-21 00:43:38,763230,763301,2020-04-21 00:43:38.138
2020-04-21 00:43:39,763301,763301,2020-04-21 00:43:39.182
2020-04-21 00:43:40,762988,763004,2020-04-21 00:43:40.212
2020-04-21 00:43:41,763134,763271,2020-04-21 00:43:41.233
2020-04-21 00:43:42,763134,763235,2020-04-21 00:43:42.263
2020-04-21 00:43:44,763197,763284,2020-04-21 00:43:44.043
2020-04-21 00:43:45,763197,763453,2020-04-21 00:43:45.055
2020-04-21 00:43:46,763224,763441,2020-04-21 00:43:46.071
2020-04-21 00:43:47,763240,763441,2020-04-21 00:43:47.085
2020-04-21 00:43:48,763510,763491,2020-04-21 00:43:48.100
2020-04-21 00:43:49,763512,763526,2020-04-21 00:43:49.220
2020-04-21 00:43:50,763512,763532,2020-04-21 00:43:50.535
2020-04-21 00:43:51,763512,763533,2020-04-21 00:43:51.871
2020-04-21 00:43:52,763564,763573,2020-04-21 00:43:52.916
2020-04-21 00:43:53,763564,763573,2020-04-21 00:43:53.968
2020-04-21 00:43:55,763614,763573,2020-04-21 00:43:55.046
2020-04-21 00:43:56,763634,763704,2020-04-21 00:43:56.052
2020-04-21 00:43:57,763771,763775,2020-04-21 00:43:57.096
2020-04-21 00:43:58,763898,764121,2020-04-21 00:43:58.460
2020-04-21 00:43:59,763899,764097,2020-04-21 00:43:59.484
2020-04-21 00:44:00,763899,764128,2020-04-21 00:44:00.505
2020-04-21 00:44:01,763947,764122,2020-04-21 00:44:01.530
2020-04-21 00:44:02,763947,763995,2020-04-21 00:44:02.825
2020-04-21 00:44:03,763808,763995,2020-04-21 00:44:03.937
2020-04-21 00:44:04,763855,763995,2020-04-21 00:44:04.988
2020-04-21 00:44:06,763739,763745,2020-04-21 00:44:05.996
2020-04-21 00:44:07,763714,763745,2020-04-21 00:44:07.026
2020-04-21 00:44:08,763680,763745,2020-04-21 00:44:08.044
2020-04-21 00:44:09,763708,763745,2020-04-21 00:44:09.100
2020-04-21 00:44:10,763897,763745,2020-04-21 00:44:10.337
2020-04-21 00:44:11,763897,763745,2020-04-21 00:44:11.341
2020-04-21 00:44:12,763897,763745,2020-04-21 00:44:12.348
2020-04-21 00:44:13,763753,763745,2020-04-21 00:44:13.435
2020-04-21 00:44:14,763754,763745,2020-04-21 00:44:14.662
2020-04-21 00:44:15,763797,763745,2020-04-21 00:44:15.763
2020-04-21 00:44:16,763797,763745,2020-04-21 00:44:16.844
2020-04-21 00:44:17,763807,763958,2020-04-21 00:44:17.925
2020-04-21 00:44:19,763823,763958,2020-04-21 00:44:19.044
2020-04-21 00:44:20,763823,763958,2020-04-21 00:44:20.065
2020-04-21 00:44:21,763823,763958,2020-04-21 00:44:21.085
2020-04-21 00:44:22,763823,763958,2020-04-21 00:44:22.130
2020-04-21 00:44:23,763823,763958,2020-04-21 00:44:23.322
2020-04-21 00:44:24,763823,764140,2020-04-21 00:44:24.373
2020-04-21 00:44:25,763872,764140,2020-04-21 00:44:25.539
2020-04-21 00:44:26,763873,764135,2020-04-21 00:44:26.688
2020-04-21 00:44:27,763873,764135,2020-04-21 00:44:27.724
2020-04-21 00:44:28,763797,763995,2020-04-21 00:44:28.842
2020-04-21 00:44:29,763875,763995,2020-04-21 00:44:29.868
2020-04-21 00:44:30,763790,763870,2020-04-21 00:44:30.890
2020-04-21 00:44:32,763790,763836,2020-04-21 00:44:32.036
2020-04-21 00:44:33,763791,763836,2020-04-21 00:44:33.075
2020-04-21 00:44:34,763841,763870,2020-04-21 00:44:34.115
2020-04-21 00:44:35,763841,763870,2020-04-21 00:44:35.129
2020-04-21 00:44:36,763803,763870,2020-04-21 00:44:36.184
2020-04-21 00:44:37,763803,763870,2020-04-21 00:44:37.208
2020-04-21 00:44:38,763817,763870,2020-04-21 00:44:38.705
2020-04-21 00:44:39,763817,763870,2020-04-21 00:44:39.832
2020-04-21 00:44:40,763848,763836,2020-04-21 00:44:40.886
2020-04-21 00:44:41,763897,763929,2020-04-21 00:44:41.942
2020-04-21 00:44:43,763855,763929,2020-04-21 00:44:42.988
2020-04-21 00:44:44,763855,763922,2020-04-21 00:44:44.538
2020-04-21 00:44:45,763855,763853,2020-04-21 00:44:45.556
2020-04-21 00:44:46,763710,763713,2020-04-21 00:44:46.571
2020-04-21 00:44:47,763710,763713,2020-04-21 00:44:47.775
2020-04-21 00:44:48,763710,763713,2020-04-21 00:44:48.857
2020-04-21 00:44:49,763710,763713,2020-04-21 00:44:49.985
2020-04-21 00:44:51,763710,763713,2020-04-21 00:44:51.144
2020-04-21 00:44:52,763710,763713,2020-04-21 00:44:52.158
2020-04-21 00:44:53,763710,763713,2020-04-21 00:44:53.184
2020-04-21 00:44:54,763710,763713,2020-04-21 00:44:54.470
2020-04-21 00:44:55,763522,763713,2020-04-21 00:44:55.492
2020-04-21 00:44:56,763523,763791,2020-04-21 00:44:56.540
2020-04-21 00:44:57,763523,763937,2020-04-21 00:44:57.651
2020-04-21 00:44:58,763603,764013,2020-04-21 00:44:58.662
2020-04-21 00:44:59,763603,763779,2020-04-21 00:44:59.678
2020-04-21 00:45:00,763603,763779,2020-04-21 00:45:00.688
2020-04-21 00:45:01,763596,763735,2020-04-21 00:45:01.767
2020-04-21 00:45:02,763596,763892,2020-04-21 00:45:02.874
2020-04-21 00:45:03,763596,763892,2020-04-21 00:45:03.916
2020-04-21 00:45:04,763624,763861,2020-04-21 00:45:04.960
2020-04-21 00:45:06,763624,763826,2020-04-21 00:45:06.206
2020-04-21 00:45:07,763624,763826,2020-04-21 00:45:07.258
2020-04-21 00:45:08,763624,763745,2020-04-21 00:45:08.639
2020-04-21 00:45:09,763640,763953,2020-04-21 00:45:09.671
2020-04-21 00:45:11,763750,763891,2020-04-21 00:45:11.238
2020-04-21 00:45:12,763750,763891,2020-04-21 00:45:12.300
2020-04-21 00:45:13,763896,763891,2020-04-21 00:45:13.400
2020-04-21 00:45:14,763896,763891,2020-04-21 00:45:14.634
2020-04-21 00:45:15,763750,763839,2020-04-21 00:45:15.678
2020-04-21 00:45:16,763750,763786,2020-04-21 00:45:16.704
2020-04-21 00:45:17,763750,763786,2020-04-21 00:45:17.736
2020-04-21 00:45:18,763791,763830,2020-04-21 00:45:18.760
2020-04-21 00:45:19,763791,763830,2020-04-21 00:45:19.782
2020-04-21 00:45:20,763791,763830,2020-04-21 00:45:20.817
2020-04-21 00:45:21,763791,763830,2020-04-21 00:45:21.873
2020-04-21 00:45:22,763791,763830,2020-04-21 00:45:22.906
2020-04-21 00:45:23,763791,763743,2020-04-21 00:45:23.947
2020-04-21 00:45:25,763791,763743,2020-04-21 00:45:25.386
2020-04-21 00:45:26,763693,763720,2020-04-21 00:45:26.394
2020-04-21 00:45:27,763693,763720,2020-04-21 00:45:27.429
2020-04-21 00:45:28,763526,763539,2020-04-21 00:45:28.444
2020-04-21 00:45:29,763526,763539,2020-04-21 00:45:29.509
2020-04-21 00:45:30,763526,763539,2020-04-21 00:45:30.729
2020-04-21 00:45:31,763525,763492,2020-04-21 00:45:31.894
2020-04-21 00:45:32,763525,763492,2020-04-21 00:45:32.968
2020-04-21 00:45:34,763525,763492,2020-04-21 00:45:34.372
2020-04-21 00:45:35,763525,763520,2020-04-21 00:45:35.670
2020-04-21 00:45:36,763525,763521,2020-04-21 00:45:36.774
2020-04-21 00:45:37,763525,763515,2020-04-21 00:45:37.802
2020-04-21 00:45:39,763525,763515,2020-04-21 00:45:39.094
2020-04-21 00:45:40,763525,763515,2020-04-21 00:45:40.131
2020-04-21 00:45:41,763489,763454,2020-04-21 00:45:41.165
2020-04-21 00:45:42,763489,763454,2020-04-21 00:45:42.191
2020-04-21 00:45:43,763489,763454,2020-04-21 00:45:43.276
2020-04-21 00:45:44,763489,763454,2020-04-21 00:45:44.306
2020-04-21 00:45:45,763489,763454,2020-04-21 00:45:45.448
2020-04-21 00:45:46,763489,763445,2020-04-21 00:45:46.490
2020-04-21 00:45:47,763489,763445,2020-04-21 00:45:47.512
2020-04-21 00:45:48,763489,763445,2020-04-21 00:45:48.535
2020-04-21 00:45:49,763031,763085,2020-04-21 00:45:49.547
2020-04-21 00:45:50,763000,763251,2020-04-21 00:45:50.600
2020-04-21 00:45:51,763001,763251,2020-04-21 00:45:51.632
2020-04-21 00:45:52,763017,763274,2020-04-21 00:45:52.786
2020-04-21 00:45:53,763090,763257,2020-04-21 00:45:53.889
2020-04-21 00:45:54,763090,763240,2020-04-21 00:45:54.973
2020-04-21 00:45:56,763216,763240,2020-04-21 00:45:56.068
2020-04-21 00:45:57,763248,763257,2020-04-21 00:45:57.089
2020-04-21 00:45:58,763248,763257,2020-04-21 00:45:58.198
2020-04-21 00:45:59,763124,763257,2020-04-21 00:45:59.247
2020-04-21 00:46:00,763124,763257,2020-04-21 00:46:00.288
2020-04-21 00:46:01,763124,763257,2020-04-21 00:46:01.296
2020-04-21 00:46:02,763145,763257,2020-04-21 00:46:02.422
2020-04-21 00:46:03,763145,763257,2020-04-21 00:46:03.473
2020-04-21 00:46:04,763145,763257,2020-04-21 00:46:04.516
2020-04-21 00:46:05,763145,763257,2020-04-21 00:46:05.528
2020-04-21 00:46:06,763145,763257,2020-04-21 00:46:06.559
2020-04-21 00:46:07,763145,763285,2020-04-21 00:46:07.775
2020-04-21 00:46:08,763145,763184,2020-04-21 00:46:08.803
2020-04-21 00:46:09,763145,763184,2020-04-21 00:46:09.823
2020-04-21 00:46:10,763145,763184,2020-04-21 00:46:10.862
2020-04-21 00:46:11,763145,763184,2020-04-21 00:46:11.886
2020-04-21 00:46:12,763145,763184,2020-04-21 00:46:12.913
2020-04-21 00:46:14,763145,763184,2020-04-21 00:46:14.534
2020-04-21 00:46:16,763145,763184,2020-04-21 00:46:16.043
2020-04-21 00:46:17,763323,763311,2020-04-21 00:46:17.597
2020-04-21 00:46:18,762994,763164,2020-04-21 00:46:18.647
2020-04-21 00:46:19,763030,763164,2020-04-21 00:46:19.687
2020-04-21 00:46:20,763050,763129,2020-04-21 00:46:20.725
2020-04-21 00:46:21,763068,763122,2020-04-21 00:46:21.990
2020-04-21 00:46:23,763068,763122,2020-04-21 00:46:23.041
2020-04-21 00:46:24,763076,763122,2020-04-21 00:46:24.122
2020-04-21 00:46:25,762835,763076,2020-04-21 00:46:25.128
2020-04-21 00:46:26,762825,763044,2020-04-21 00:46:26.164
2020-04-21 00:46:27,762880,763013,2020-04-21 00:46:27.217
2020-04-21 00:46:28,762880,762996,2020-04-21 00:46:28.227
2020-04-21 00:46:29,763001,763032,2020-04-21 00:46:29.268
2020-04-21 00:46:30,763001,763041,2020-04-21 00:46:30.502
2020-04-21 00:46:31,763001,763044,2020-04-21 00:46:31.517
2020-04-21 00:46:32,763001,763044,2020-04-21 00:46:32.549
2020-04-21 00:46:33,763049,763076,2020-04-21 00:46:33.681
2020-04-21 00:46:34,763049,763087,2020-04-21 00:46:34.907
2020-04-21 00:46:35,763135,763127,2020-04-21 00:46:35.964
2020-04-21 00:46:37,763135,763242,2020-04-21 00:46:37.015
2020-04-21 00:46:38,763135,763343,2020-04-21 00:46:38.142
2020-04-21 00:46:39,763135,763347,2020-04-21 00:46:39.167
2020-04-21 00:46:40,763187,763335,2020-04-21 00:46:40.173
2020-04-21 00:46:41,763213,763356,2020-04-21 00:46:41.261
2020-04-21 00:46:42,763450,763350,2020-04-21 00:46:42.283
2020-04-21 00:46:43,763360,763445,2020-04-21 00:46:43.320
2020-04-21 00:46:44,763377,763445,2020-04-21 00:46:44.543
2020-04-21 00:46:45,763388,763445,2020-04-21 00:46:45.574
2020-04-21 00:46:46,763394,763445,2020-04-21 00:46:46.596
2020-04-21 00:46:47,763403,763604,2020-04-21 00:46:47.724
2020-04-21 00:46:48,763412,763604,2020-04-21 00:46:48.736
2020-04-21 00:46:49,763477,763604,2020-04-21 00:46:49.959
2020-04-21 00:46:50,763477,763604,2020-04-21 00:46:50.978
2020-04-21 00:46:51,763511,763604,2020-04-21 00:46:51.996
2020-04-21 00:46:53,763396,763604,2020-04-21 00:46:53.032
2020-04-21 00:46:54,763376,763574,2020-04-21 00:46:54.055
2020-04-21 00:46:55,763379,763574,2020-04-21 00:46:55.060
2020-04-21 00:46:56,763386,763699,2020-04-21 00:46:56.416
2020-04-21 00:46:57,763430,763574,2020-04-21 00:46:57.528
2020-04-21 00:46:58,763430,763574,2020-04-21 00:46:58.537
2020-04-21 00:46:59,763478,763688,2020-04-21 00:46:59.591
2020-04-21 00:47:00,763486,763688,2020-04-21 00:47:00.623
2020-04-21 00:47:01,763494,763688,2020-04-21 00:47:01.698
2020-04-21 00:47:02,763511,763688,2020-04-21 00:47:02.712
2020-04-21 00:47:04,763494,763688,2020-04-21 00:47:04.376
2020-04-21 00:47:05,763531,763722,2020-04-21 00:47:05.734
2020-04-21 00:47:06,763551,763722,2020-04-21 00:47:06.832
2020-04-21 00:47:07,763576,763722,2020-04-21 00:47:07.873
2020-04-21 00:47:08,763576,763592,2020-04-21 00:47:08.929
2020-04-21 00:47:10,763576,763592,2020-04-21 00:47:10.019
2020-04-21 00:47:11,763577,763592,2020-04-21 00:47:11.173
2020-04-21 00:47:12,763588,763592,2020-04-21 00:47:12.291
2020-04-21 00:47:13,763560,763583,2020-04-21 00:47:13.473
2020-04-21 00:47:14,763560,763583,2020-04-21 00:47:14.599
2020-04-21 00:47:15,763572,763583,2020-04-21 00:47:15.631
2020-04-21 00:47:16,763572,763583,2020-04-21 00:47:16.659
2020-04-21 00:47:18,763576,763583,2020-04-21 00:47:18.015
2020-04-21 00:47:19,763576,763583,2020-04-21 00:47:19.074
2020-04-21 00:47:20,763572,763562,2020-04-21 00:47:20.143
2020-04-21 00:47:21,763572,763562,2020-04-21 00:47:21.187
2020-04-21 00:47:22,763485,763481,2020-04-21 00:47:22.233
2020-04-21 00:47:23,763485,763481,2020-04-21 00:47:23.285
2020-04-21 00:47:24,763485,763481,2020-04-21 00:47:24.383
2020-04-21 00:47:25,763485,763481,2020-04-21 00:47:25.393
2020-04-21 00:47:26,763485,763481,2020-04-21 00:47:26.422
2020-04-21 00:47:27,763485,763481,2020-04-21 00:47:27.437
2020-04-21 00:47:28,763418,763414,2020-04-21 00:47:28.448
2020-04-21 00:47:29,763418,763407,2020-04-21 00:47:29.465
2020-04-21 00:47:30,763418,763407,2020-04-21 00:47:30.690
2020-04-21 00:47:31,763415,763407,2020-04-21 00:47:31.776
2020-04-21 00:47:32,763415,763407,2020-04-21 00:47:32.844
2020-04-21 00:47:33,763415,763407,2020-04-21 00:47:33.864
2020-04-21 00:47:34,763415,763407,2020-04-21 00:47:34.907
2020-04-21 00:47:35,763415,763407,2020-04-21 00:47:35.962
2020-04-21 00:47:37,763415,763407,2020-04-21 00:47:37.048
2020-04-21 00:47:38,763415,763407,2020-04-21 00:47:38.136
2020-04-21 00:47:39,763415,763407,2020-04-21 00:47:39.379
2020-04-21 00:47:40,763415,763407,2020-04-21 00:47:40.827
2020-04-21 00:47:41,763415,763407,2020-04-21 00:47:41.852
2020-04-21 00:47:42,763415,763407,2020-04-21 00:47:42.870
2020-04-21 00:47:43,763428,763407,2020-04-21 00:47:43.903
2020-04-21 00:47:45,763430,763407,2020-04-21 00:47:45.465
2020-04-21 00:47:46,763668,763591,2020-04-21 00:47:46.542
2020-04-21 00:47:47,763668,763591,2020-04-21 00:47:47.578
2020-04-21 00:47:48,763668,763591,2020-04-21 00:47:48.616
2020-04-21 00:47:49,763668,763591,2020-04-21 00:47:49.649
2020-04-21 00:47:50,763668,763591,2020-04-21 00:47:50.692
2020-04-21 00:47:51,763668,763591,2020-04-21 00:47:51.745
2020-04-21 00:47:52,763694,763591,2020-04-21 00:47:52.799
2020-04-21 00:47:53,763694,763591,2020-04-21 00:47:53.803
2020-04-21 00:47:54,763694,763591,2020-04-21 00:47:54.851
2020-04-21 00:47:55,763694,763591,2020-04-21 00:47:55.861
2020-04-21 00:47:56,763694,763591,2020-04-21 00:47:56.881
2020-04-21 00:47:57,763694,763591,2020-04-21 00:47:57.991
2020-04-21 00:47:59,763694,763830,2020-04-21 00:47:59.021
2020-04-21 00:48:00,763694,763830,2020-04-21 00:48:00.101
2020-04-21 00:48:02,763694,763826,2020-04-21 00:48:02.639
2020-04-21 00:48:03,763694,763804,2020-04-21 00:48:03.684
2020-04-21 00:48:04,763694,763804,2020-04-21 00:48:04.701
2020-04-21 00:48:05,763694,763745,2020-04-21 00:48:05.854
2020-04-21 00:48:07,763626,763745,2020-04-21 00:48:07.022
2020-04-21 00:48:08,763626,763745,2020-04-21 00:48:08.180
2020-04-21 00:48:09,763626,763745,2020-04-21 00:48:09.186
2020-04-21 00:48:10,763632,763632,2020-04-21 00:48:10.191
2020-04-21 00:48:11,763632,763745,2020-04-21 00:48:11.203
2020-04-21 00:48:12,763632,763730,2020-04-21 00:48:12.239
2020-04-21 00:48:13,763501,763696,2020-04-21 00:48:13.272
2020-04-21 00:48:14,763432,763696,2020-04-21 00:48:14.315
2020-04-21 00:48:15,763367,763696,2020-04-21 00:48:15.491
2020-04-21 00:48:16,763403,763676,2020-04-21 00:48:16.615
2020-04-21 00:48:17,763472,763676,2020-04-21 00:48:17.629
2020-04-21 00:48:18,763472,763676,2020-04-21 00:48:18.762
2020-04-21 00:48:20,763505,763676,2020-04-21 00:48:20.437
2020-04-21 00:48:21,763532,763676,2020-04-21 00:48:21.469
2020-04-21 00:48:23,763532,763676,2020-04-21 00:48:23.519
2020-04-21 00:48:24,763575,763633,2020-04-21 00:48:24.551
2020-04-21 00:48:25,763581,763676,2020-04-21 00:48:25.733
2020-04-21 00:48:26,763595,763676,2020-04-21 00:48:26.964
2020-04-21 00:48:29,763595,763818,2020-04-21 00:48:29.405
2020-04-21 00:48:30,763853,763851,2020-04-21 00:48:30.419
2020-04-21 00:48:31,763775,763845,2020-04-21 00:48:31.448
2020-04-21 00:48:32,763775,763845,2020-04-21 00:48:32.640
2020-04-21 00:48:33,763775,763845,2020-04-21 00:48:33.988
2020-04-21 00:48:35,763775,763775,2020-04-21 00:48:35.064
2020-04-21 00:48:36,763652,763678,2020-04-21 00:48:36.092
2020-04-21 00:48:37,763651,763678,2020-04-21 00:48:37.142
2020-04-21 00:48:38,763544,763646,2020-04-21 00:48:38.163
2020-04-21 00:48:39,763545,763646,2020-04-21 00:48:39.186
2020-04-21 00:48:40,763545,763646,2020-04-21 00:48:40.631
2020-04-21 00:48:41,763545,763646,2020-04-21 00:48:41.839
2020-04-21 00:48:42,763545,763646,2020-04-21 00:48:42.988
2020-04-21 00:48:44,763545,763646,2020-04-21 00:48:44.022
2020-04-21 00:48:45,763545,763646,2020-04-21 00:48:45.120
2020-04-21 00:48:46,763545,763646,2020-04-21 00:48:46.145
2020-04-21 00:48:47,763545,763646,2020-04-21 00:48:47.643
2020-04-21 00:48:48,763545,763646,2020-04-21 00:48:48.671
2020-04-21 00:48:50,763545,763646,2020-04-21 00:48:50.288
2020-04-21 00:48:51,763545,763646,2020-04-21 00:48:51.308
2020-04-21 00:48:52,763575,763789,2020-04-21 00:48:52.333
2020-04-21 00:48:53,763798,763789,2020-04-21 00:48:53.775
2020-04-21 00:48:55,763798,763789,2020-04-21 00:48:55.008
2020-04-21 00:48:56,763798,763786,2020-04-21 00:48:56.700
2020-04-21 00:48:57,763798,763786,2020-04-21 00:48:57.711
2020-04-21 00:48:58,763798,763786,2020-04-21 00:48:58.816
2020-04-21 00:49:00,763798,763786,2020-04-21 00:49:00.012
2020-04-21 00:49:01,763798,763786,2020-04-21 00:49:01.043
2020-04-21 00:49:02,763798,763775,2020-04-21 00:49:02.452
2020-04-21 00:49:03,763798,763775,2020-04-21 00:49:03.492
2020-04-21 00:49:04,763798,763775,2020-04-21 00:49:04.541
2020-04-21 00:49:05,763703,763775,2020-04-21 00:49:05.605
2020-04-21 00:49:06,763703,763775,2020-04-21 00:49:06.638
2020-04-21 00:49:08,763703,763775,2020-04-21 00:49:08.301
2020-04-21 00:49:09,763703,763695,2020-04-21 00:49:09.848
2020-04-21 00:49:10,763774,763695,2020-04-21 00:49:10.886
2020-04-21 00:49:11,763780,763819,2020-04-21 00:49:11.921
2020-04-21 00:49:12,763823,763854,2020-04-21 00:49:12.949
2020-04-21 00:49:14,763783,763854,2020-04-21 00:49:14.008
2020-04-21 00:49:15,763815,763854,2020-04-21 00:49:15.016
2020-04-21 00:49:16,763853,763810,2020-04-21 00:49:16.029
2020-04-21 00:49:17,763853,763810,2020-04-21 00:49:17.113
2020-04-21 00:49:18,763854,763810,2020-04-21 00:49:18.303
2020-04-21 00:49:19,763854,763810,2020-04-21 00:49:19.419
2020-04-21 00:49:20,763853,763810,2020-04-21 00:49:20.449
2020-04-21 00:49:21,763853,763810,2020-04-21 00:49:21.558
2020-04-21 00:49:22,763853,763810,2020-04-21 00:49:22.624
2020-04-21 00:49:23,763926,763881,2020-04-21 00:49:23.650
2020-04-21 00:49:24,763931,764001,2020-04-21 00:49:24.712
2020-04-21 00:49:25,763931,764000,2020-04-21 00:49:25.828
2020-04-21 00:49:26,763953,764000,2020-04-21 00:49:26.864
2020-04-21 00:49:27,763953,764000,2020-04-21 00:49:27.897
2020-04-21 00:49:28,763954,763948,2020-04-21 00:49:28.946
2020-04-21 00:49:30,763954,763948,2020-04-21 00:49:30.000
2020-04-21 00:49:31,763954,763948,2020-04-21 00:49:31.050
2020-04-21 00:49:32,763954,763948,2020-04-21 00:49:32.104
2020-04-21 00:49:33,763954,763948,2020-04-21 00:49:33.157
2020-04-21 00:49:34,763872,763872,2020-04-21 00:49:34.235
2020-04-21 00:49:35,763871,763872,2020-04-21 00:49:35.253
2020-04-21 00:49:36,763871,763872,2020-04-21 00:49:36.814
2020-04-21 00:49:37,763873,763963,2020-04-21 00:49:37.905
2020-04-21 00:49:38,763873,763963,2020-04-21 00:49:38.993
2020-04-21 00:49:40,763873,763963,2020-04-21 00:49:40.015
2020-04-21 00:49:41,763873,763963,2020-04-21 00:49:41.032
2020-04-21 00:49:42,763789,763963,2020-04-21 00:49:42.142
2020-04-21 00:49:43,763787,763937,2020-04-21 00:49:43.208
2020-04-21 00:49:44,763942,763963,2020-04-21 00:49:44.223
2020-04-21 00:49:45,763942,763963,2020-04-21 00:49:45.247
2020-04-21 00:49:46,763942,763963,2020-04-21 00:49:46.300
2020-04-21 00:49:47,763972,763967,2020-04-21 00:49:47.323
2020-04-21 00:49:48,763972,763967,2020-04-21 00:49:48.360
2020-04-21 00:49:49,763972,763967,2020-04-21 00:49:49.478
2020-04-21 00:49:50,763953,763967,2020-04-21 00:49:50.495
2020-04-21 00:49:51,763953,763967,2020-04-21 00:49:51.536
2020-04-21 00:49:52,763953,763967,2020-04-21 00:49:52.564
2020-04-21 00:49:53,763953,763967,2020-04-21 00:49:53.776
2020-04-21 00:49:54,763953,763967,2020-04-21 00:49:54.799
2020-04-21 00:49:55,763953,763967,2020-04-21 00:49:55.815
2020-04-21 00:49:56,763816,763945,2020-04-21 00:49:56.899
2020-04-21 00:49:57,763816,763945,2020-04-21 00:49:57.923
2020-04-21 00:49:59,763829,763945,2020-04-21 00:49:59.008
2020-04-21 00:50:00,763829,763945,2020-04-21 00:50:00.021
2020-04-21 00:50:01,763829,763903,2020-04-21 00:50:01.032
2020-04-21 00:50:02,763829,763903,2020-04-21 00:50:02.050
2020-04-21 00:50:03,763829,763903,2020-04-21 00:50:03.103
2020-04-21 00:50:04,763829,763903,2020-04-21 00:50:04.114
2020-04-21 00:50:05,763829,763903,2020-04-21 00:50:05.134
2020-04-21 00:50:06,763787,763895,2020-04-21 00:50:06.158
2020-04-21 00:50:07,763787,763895,2020-04-21 00:50:07.198
2020-04-21 00:50:08,763795,763895,2020-04-21 00:50:08.412
2020-04-21 00:50:09,763795,763895,2020-04-21 00:50:09.428
2020-04-21 00:50:10,763795,763895,2020-04-21 00:50:10.449
2020-04-21 00:50:11,763795,763895,2020-04-21 00:50:11.461
2020-04-21 00:50:12,763795,763895,2020-04-21 00:50:12.469
2020-04-21 00:50:13,763797,763895,2020-04-21 00:50:13.488
2020-04-21 00:50:14,763855,763895,2020-04-21 00:50:14.500
2020-04-21 00:50:15,763855,763895,2020-04-21 00:50:15.545
2020-04-21 00:50:16,763855,763895,2020-04-21 00:50:16.577
2020-04-21 00:50:17,763855,763895,2020-04-21 00:50:17.644
2020-04-21 00:50:18,763808,763895,2020-04-21 00:50:18.651
2020-04-21 00:50:19,763991,763945,2020-04-21 00:50:19.669
2020-04-21 00:50:20,764183,764239,2020-04-21 00:50:20.710
2020-04-21 00:50:21,764183,764239,2020-04-21 00:50:21.722
2020-04-21 00:50:22,764183,764239,2020-04-21 00:50:22.765
2020-04-21 00:50:23,764183,764239,2020-04-21 00:50:23.781
2020-04-21 00:50:24,764079,764239,2020-04-21 00:50:24.846
2020-04-21 00:50:25,764216,764239,2020-04-21 00:50:25.934
2020-04-21 00:50:26,764216,764239,2020-04-21 00:50:26.947
2020-04-21 00:50:27,764216,764251,2020-04-21 00:50:27.969
2020-04-21 00:50:29,764255,764251,2020-04-21 00:50:29.009
2020-04-21 00:50:30,764255,764251,2020-04-21 00:50:30.183
2020-04-21 00:50:31,764255,764251,2020-04-21 00:50:31.248
2020-04-21 00:50:32,764123,764296,2020-04-21 00:50:32.332
2020-04-21 00:50:33,764135,764296,2020-04-21 00:50:33.343
2020-04-21 00:50:34,764135,764296,2020-04-21 00:50:34.843
2020-04-21 00:50:35,764138,764271,2020-04-21 00:50:35.976
2020-04-21 00:50:36,764159,764289,2020-04-21 00:50:36.998
2020-04-21 00:50:38,764162,764270,2020-04-21 00:50:38.015
2020-04-21 00:50:39,764162,764270,2020-04-21 00:50:39.025
2020-04-21 00:50:40,764251,764270,2020-04-21 00:50:40.036
2020-04-21 00:50:41,764251,764270,2020-04-21 00:50:41.110
2020-04-21 00:50:42,764251,764317,2020-04-21 00:50:42.138
2020-04-21 00:50:43,764314,764317,2020-04-21 00:50:43.161
2020-04-21 00:50:44,764314,764317,2020-04-21 00:50:44.195
2020-04-21 00:50:45,764314,764317,2020-04-21 00:50:45.224
2020-04-21 00:50:46,764251,764309,2020-04-21 00:50:46.246
2020-04-21 00:50:47,764251,764309,2020-04-21 00:50:47.489
2020-04-21 00:50:48,764251,764309,2020-04-21 00:50:48.514
2020-04-21 00:50:49,764251,764309,2020-04-21 00:50:49.839
2020-04-21 00:50:50,764251,764309,2020-04-21 00:50:50.888
2020-04-21 00:50:51,764251,764309,2020-04-21 00:50:51.935
2020-04-21 00:50:53,764251,764309,2020-04-21 00:50:53.390
2020-04-21 00:50:54,764251,764309,2020-04-21 00:50:54.411
2020-04-21 00:50:55,764251,764309,2020-04-21 00:50:55.645
2020-04-21 00:50:56,764251,764309,2020-04-21 00:50:56.675
2020-04-21 00:50:57,764251,764309,2020-04-21 00:50:57.695
2020-04-21 00:50:58,764251,764309,2020-04-21 00:50:58.737
2020-04-21 00:50:59,764251,764309,2020-04-21 00:50:59.782
2020-04-21 00:51:00,764251,764309,2020-04-21 00:51:00.798
2020-04-21 00:51:01,764251,764309,2020-04-21 00:51:01.852
2020-04-21 00:51:02,764251,764309,2020-04-21 00:51:02.908
2020-04-21 00:51:04,764251,764309,2020-04-21 00:51:04.070
2020-04-21 00:51:05,764251,764309,2020-04-21 00:51:05.088
2020-04-21 00:51:06,764251,764309,2020-04-21 00:51:06.203
2020-04-21 00:51:07,764251,764309,2020-04-21 00:51:07.514
2020-04-21 00:51:08,764251,764309,2020-04-21 00:51:08.884
2020-04-21 00:51:10,764251,764309,2020-04-21 00:51:10.019
2020-04-21 00:51:11,764251,764309,2020-04-21 00:51:11.448
2020-04-21 00:51:12,764251,764309,2020-04-21 00:51:12.455
2020-04-21 00:51:13,764251,764309,2020-04-21 00:51:13.492
2020-04-21 00:51:14,764251,764472,2020-04-21 00:51:14.504
2020-04-21 00:51:15,764281,764431,2020-04-21 00:51:15.588
2020-04-21 00:51:16,764282,764390,2020-04-21 00:51:16.600
2020-04-21 00:51:17,764293,764390,2020-04-21 00:51:17.925
2020-04-21 00:51:19,764294,764390,2020-04-21 00:51:19.129
2020-04-21 00:51:20,764294,764390,2020-04-21 00:51:20.267
2020-04-21 00:51:21,764125,764390,2020-04-21 00:51:21.287
2020-04-21 00:51:22,764081,764389,2020-04-21 00:51:22.292
2020-04-21 00:51:23,764081,764124,2020-04-21 00:51:23.314
2020-04-21 00:51:24,764082,764124,2020-04-21 00:51:24.534
2020-04-21 00:51:25,764082,764124,2020-04-21 00:51:25.542
2020-04-21 00:51:26,764082,764110,2020-04-21 00:51:26.554
2020-04-21 00:51:27,764082,764085,2020-04-21 00:51:27.578
2020-04-21 00:51:28,764282,764292,2020-04-21 00:51:28.627
2020-04-21 00:51:29,764109,764247,2020-04-21 00:51:29.698
2020-04-21 00:51:30,764124,764247,2020-04-21 00:51:30.760
2020-04-21 00:51:31,764125,764247,2020-04-21 00:51:31.796
2020-04-21 00:51:32,764125,764247,2020-04-21 00:51:32.830
2020-04-21 00:51:33,764125,764247,2020-04-21 00:51:33.873
2020-04-21 00:51:35,764125,764247,2020-04-21 00:51:35.004
2020-04-21 00:51:36,764125,764247,2020-04-21 00:51:36.041
2020-04-21 00:51:37,764125,764247,2020-04-21 00:51:37.131
2020-04-21 00:51:38,764125,764247,2020-04-21 00:51:38.149
2020-04-21 00:51:39,764125,764247,2020-04-21 00:51:39.165
2020-04-21 00:51:40,764125,764247,2020-04-21 00:51:40.178
2020-04-21 00:51:41,764125,764247,2020-04-21 00:51:41.220
2020-04-21 00:51:42,764125,764247,2020-04-21 00:51:42.228
2020-04-21 00:51:43,764125,764247,2020-04-21 00:51:43.281
2020-04-21 00:51:44,764125,764247,2020-04-21 00:51:44.323
2020-04-21 00:51:45,764125,764247,2020-04-21 00:51:45.393
2020-04-21 00:51:46,764134,764247,2020-04-21 00:51:46.864
2020-04-21 00:51:47,764134,764247,2020-04-21 00:51:47.881
2020-04-21 00:51:48,764155,764247,2020-04-21 00:51:48.916
2020-04-21 00:51:49,764155,764247,2020-04-21 00:51:49.957
2020-04-21 00:51:51,764155,764247,2020-04-21 00:51:51.020
2020-04-21 00:51:52,764155,764247,2020-04-21 00:51:52.040
2020-04-21 00:51:53,764155,764247,2020-04-21 00:51:53.114
2020-04-21 00:51:54,764155,764247,2020-04-21 00:51:54.139
2020-04-21 00:51:55,764155,764247,2020-04-21 00:51:55.382
2020-04-21 00:51:56,764155,764247,2020-04-21 00:51:56.384
2020-04-21 00:51:57,764155,764247,2020-04-21 00:51:57.425
2020-04-21 00:51:58,764155,764150,2020-04-21 00:51:58.455
2020-04-21 00:51:59,763988,764011,2020-04-21 00:51:59.477
2020-04-21 00:52:00,764015,764011,2020-04-21 00:52:00.506
2020-04-21 00:52:01,764015,764011,2020-04-21 00:52:01.551
2020-04-21 00:52:02,763992,764011,2020-04-21 00:52:02.594
2020-04-21 00:52:03,763816,763970,2020-04-21 00:52:03.730
2020-04-21 00:52:04,763778,763941,2020-04-21 00:52:04.763
2020-04-21 00:52:05,763787,763817,2020-04-21 00:52:05.835
2020-04-21 00:52:06,763809,763927,2020-04-21 00:52:06.848
2020-04-21 00:52:08,763538,763726,2020-04-21 00:52:08.186
2020-04-21 00:52:09,763562,763726,2020-04-21 00:52:09.199
2020-04-21 00:52:10,763562,763726,2020-04-21 00:52:10.221
2020-04-21 00:52:11,763579,763745,2020-04-21 00:52:11.236
2020-04-21 00:52:12,763579,763726,2020-04-21 00:52:12.412
2020-04-21 00:52:13,763587,763726,2020-04-21 00:52:13.692
2020-04-21 00:52:14,763587,763726,2020-04-21 00:52:14.758
2020-04-21 00:52:15,763722,763726,2020-04-21 00:52:15.840
2020-04-21 00:52:17,763722,763726,2020-04-21 00:52:17.052
2020-04-21 00:52:18,763722,763726,2020-04-21 00:52:18.191
2020-04-21 00:52:19,763722,763726,2020-04-21 00:52:19.249
2020-04-21 00:52:20,763589,763726,2020-04-21 00:52:20.256
2020-04-21 00:52:21,763585,763584,2020-04-21 00:52:21.270
2020-04-21 00:52:22,763585,763584,2020-04-21 00:52:22.282
2020-04-21 00:52:23,763585,763584,2020-04-21 00:52:23.300
2020-04-21 00:52:24,763413,763584,2020-04-21 00:52:24.405
2020-04-21 00:52:25,763413,763584,2020-04-21 00:52:25.466
2020-04-21 00:52:26,763413,763584,2020-04-21 00:52:26.512
2020-04-21 00:52:27,763413,763584,2020-04-21 00:52:27.640
2020-04-21 00:52:28,763413,763584,2020-04-21 00:52:28.935
2020-04-21 00:52:29,763604,763671,2020-04-21 00:52:29.956
2020-04-21 00:52:30,763604,763709,2020-04-21 00:52:30.986
2020-04-21 00:52:32,763604,763819,2020-04-21 00:52:32.001
2020-04-21 00:52:33,763805,763834,2020-04-21 00:52:33.136
2020-04-21 00:52:34,763829,763834,2020-04-21 00:52:34.722
2020-04-21 00:52:35,763839,763839,2020-04-21 00:52:35.736
2020-04-21 00:52:36,763839,763839,2020-04-21 00:52:36.854
2020-04-21 00:52:37,763839,763839,2020-04-21 00:52:37.953
2020-04-21 00:52:39,763853,763978,2020-04-21 00:52:39.776
2020-04-21 00:52:40,763983,763993,2020-04-21 00:52:40.788
2020-04-21 00:52:41,763983,763993,2020-04-21 00:52:41.879
2020-04-21 00:52:43,763983,763993,2020-04-21 00:52:43.105
2020-04-21 00:52:44,763983,763993,2020-04-21 00:52:44.301
2020-04-21 00:52:45,763983,763993,2020-04-21 00:52:45.325
2020-04-21 00:52:46,763738,763823,2020-04-21 00:52:46.349
2020-04-21 00:52:47,763738,763811,2020-04-21 00:52:47.443
2020-04-21 00:52:48,763738,763811,2020-04-21 00:52:48.497
2020-04-21 00:52:49,763738,763811,2020-04-21 00:52:49.516
2020-04-21 00:52:50,763535,763672,2020-04-21 00:52:50.570
2020-04-21 00:52:51,763535,763672,2020-04-21 00:52:51.659
2020-04-21 00:52:52,763677,763698,2020-04-21 00:52:52.751
2020-04-21 00:52:53,763677,763698,2020-04-21 00:52:53.840
2020-04-21 00:52:54,763677,763772,2020-04-21 00:52:54.913
2020-04-21 00:52:56,763677,763772,2020-04-21 00:52:56.587
2020-04-21 00:52:57,763792,763880,2020-04-21 00:52:57.612
2020-04-21 00:52:58,763792,763880,2020-04-21 00:52:58.621
2020-04-21 00:53:00,763792,763867,2020-04-21 00:53:00.021
2020-04-21 00:53:01,763792,763867,2020-04-21 00:53:01.069
2020-04-21 00:53:02,763792,763867,2020-04-21 00:53:02.435
2020-04-21 00:53:03,763792,763867,2020-04-21 00:53:03.472
2020-04-21 00:53:04,763792,763867,2020-04-21 00:53:04.480
2020-04-21 00:53:05,763792,763867,2020-04-21 00:53:05.559
2020-04-21 00:53:06,763792,763867,2020-04-21 00:53:06.596
2020-04-21 00:53:07,763793,763867,2020-04-21 00:53:07.838
2020-04-21 00:53:08,763792,763867,2020-04-21 00:53:08.979
2020-04-21 00:53:10,763792,763793,2020-04-21 00:53:10.013
2020-04-21 00:53:11,763792,763793,2020-04-21 00:53:11.049
2020-04-21 00:53:12,763798,763867,2020-04-21 00:53:12.072
2020-04-21 00:53:13,763798,763867,2020-04-21 00:53:13.240
2020-04-21 00:53:14,763798,763806,2020-04-21 00:53:14.284
2020-04-21 00:53:15,763798,763806,2020-04-21 00:53:15.370
2020-04-21 00:53:16,763744,763745,2020-04-21 00:53:16.423
2020-04-21 00:53:17,763744,763736,2020-04-21 00:53:17.720
2020-04-21 00:53:18,763671,763736,2020-04-21 00:53:18.748
2020-04-21 00:53:19,763646,763666,2020-04-21 00:53:19.795
2020-04-21 00:53:20,763646,763666,2020-04-21 00:53:20.813
2020-04-21 00:53:21,763646,763666,2020-04-21 00:53:21.869
2020-04-21 00:53:22,763646,763666,2020-04-21 00:53:22.886
2020-04-21 00:53:23,763646,763666,2020-04-21 00:53:23.898
2020-04-21 00:53:24,763576,763577,2020-04-21 00:53:24.906
2020-04-21 00:53:25,763551,763577,2020-04-21 00:53:25.913
2020-04-21 00:53:27,763551,763577,2020-04-21 00:53:27.210
2020-04-21 00:53:28,763550,763577,2020-04-21 00:53:28.223
2020-04-21 00:53:29,763550,763572,2020-04-21 00:53:29.234
2020-04-21 00:53:30,763532,763530,2020-04-21 00:53:30.252
2020-04-21 00:53:31,763506,763530,2020-04-21 00:53:31.271
2020-04-21 00:53:32,763506,763530,2020-04-21 00:53:32.367
2020-04-21 00:53:33,763506,763530,2020-04-21 00:53:33.381
2020-04-21 00:53:34,763505,763501,2020-04-21 00:53:34.468
2020-04-21 00:53:35,763505,763501,2020-04-21 00:53:35.695
2020-04-21 00:53:36,763453,763501,2020-04-21 00:53:36.705
2020-04-21 00:53:37,763453,763501,2020-04-21 00:53:37.739
2020-04-21 00:53:38,763452,763501,2020-04-21 00:53:38.750
2020-04-21 00:53:39,763458,763501,2020-04-21 00:53:39.818
2020-04-21 00:53:40,763458,763501,2020-04-21 00:53:40.852
2020-04-21 00:53:41,763458,763501,2020-04-21 00:53:41.903
2020-04-21 00:53:43,763458,763501,2020-04-21 00:53:43.148
2020-04-21 00:53:44,763458,763501,2020-04-21 00:53:44.202
2020-04-21 00:53:45,763458,763501,2020-04-21 00:53:45.236
2020-04-21 00:53:46,763539,763572,2020-04-21 00:53:46.308
2020-04-21 00:53:47,763539,763720,2020-04-21 00:53:47.316
2020-04-21 00:53:48,763724,763719,2020-04-21 00:53:48.359
2020-04-21 00:53:49,763724,763711,2020-04-21 00:53:49.677
2020-04-21 00:53:50,763724,763710,2020-04-21 00:53:50.706
2020-04-21 00:53:51,763724,763710,2020-04-21 00:53:51.725
2020-04-21 00:53:52,763724,763710,2020-04-21 00:53:52.742
2020-04-21 00:53:53,763724,763710,2020-04-21 00:53:53.806
2020-04-21 00:53:54,763724,763710,2020-04-21 00:53:54.830
2020-04-21 00:53:55,763724,763710,2020-04-21 00:53:55.895
2020-04-21 00:53:56,763724,763710,2020-04-21 00:53:56.992
2020-04-21 00:53:58,763514,763710,2020-04-21 00:53:58.030
2020-04-21 00:53:59,763531,763710,2020-04-21 00:53:59.142
2020-04-21 00:54:00,763531,763711,2020-04-21 00:54:00.167
2020-04-21 00:54:01,763469,763680,2020-04-21 00:54:01.201
2020-04-21 00:54:02,763499,763680,2020-04-21 00:54:02.739
2020-04-21 00:54:03,763537,763680,2020-04-21 00:54:03.744
2020-04-21 00:54:04,763537,763688,2020-04-21 00:54:04.841
2020-04-21 00:54:05,763537,763688,2020-04-21 00:54:05.852
2020-04-21 00:54:06,763537,763688,2020-04-21 00:54:06.875
2020-04-21 00:54:07,763537,763688,2020-04-21 00:54:07.887
2020-04-21 00:54:08,763537,763688,2020-04-21 00:54:08.913
2020-04-21 00:54:10,763537,763688,2020-04-21 00:54:10.050
2020-04-21 00:54:11,763537,763688,2020-04-21 00:54:11.095
2020-04-21 00:54:12,763537,763688,2020-04-21 00:54:12.184
2020-04-21 00:54:13,763537,763688,2020-04-21 00:54:13.187
2020-04-21 00:54:14,763537,763688,2020-04-21 00:54:14.304
2020-04-21 00:54:15,763537,763676,2020-04-21 00:54:15.398
2020-04-21 00:54:16,763537,763675,2020-04-21 00:54:16.737
2020-04-21 00:54:17,763537,763618,2020-04-21 00:54:17.836
2020-04-21 00:54:19,763537,763618,2020-04-21 00:54:19.257
2020-04-21 00:54:20,763537,763618,2020-04-21 00:54:20.264
2020-04-21 00:54:21,763537,763595,2020-04-21 00:54:21.298
2020-04-21 00:54:22,763537,763595,2020-04-21 00:54:22.307
2020-04-21 00:54:23,763390,763460,2020-04-21 00:54:23.787
2020-04-21 00:54:24,763213,763216,2020-04-21 00:54:24.816
2020-04-21 00:54:26,763213,763209,2020-04-21 00:54:26.073
2020-04-21 00:54:27,763047,763160,2020-04-21 00:54:27.254
2020-04-21 00:54:28,763213,763216,2020-04-21 00:54:28.757
2020-04-21 00:54:29,763213,763342,2020-04-21 00:54:29.783
2020-04-21 00:54:30,763213,763323,2020-04-21 00:54:30.832
2020-04-21 00:54:31,763104,763306,2020-04-21 00:54:31.848
2020-04-21 00:54:32,763208,763198,2020-04-21 00:54:32.866
2020-04-21 00:54:33,763163,763198,2020-04-21 00:54:33.901
2020-04-21 00:54:34,763204,763285,2020-04-21 00:54:34.916
2020-04-21 00:54:35,763204,763273,2020-04-21 00:54:35.982
2020-04-21 00:54:37,763295,763285,2020-04-21 00:54:37.071
2020-04-21 00:54:38,763305,763390,2020-04-21 00:54:38.085
2020-04-21 00:54:39,763305,763390,2020-04-21 00:54:39.101
2020-04-21 00:54:40,763395,763395,2020-04-21 00:54:40.121
2020-04-21 00:54:41,763395,763388,2020-04-21 00:54:41.147
2020-04-21 00:54:42,763395,763372,2020-04-21 00:54:42.191
2020-04-21 00:54:43,763395,763372,2020-04-21 00:54:43.218
2020-04-21 00:54:44,763395,763372,2020-04-21 00:54:44.261
2020-04-21 00:54:45,763145,763367,2020-04-21 00:54:45.510
2020-04-21 00:54:46,763153,763209,2020-04-21 00:54:46.612
2020-04-21 00:54:47,763153,763362,2020-04-21 00:54:47.648
2020-04-21 00:54:48,763153,763200,2020-04-21 00:54:48.671
2020-04-21 00:54:49,763153,763183,2020-04-21 00:54:49.735
2020-04-21 00:54:50,763153,763183,2020-04-21 00:54:50.794
2020-04-21 00:54:51,763153,763168,2020-04-21 00:54:51.864
2020-04-21 00:54:53,763153,763168,2020-04-21 00:54:53.156
2020-04-21 00:54:54,763153,763168,2020-04-21 00:54:54.176
2020-04-21 00:54:55,763153,763168,2020-04-21 00:54:55.295
2020-04-21 00:54:56,763153,763168,2020-04-21 00:54:56.352
2020-04-21 00:54:57,763153,763168,2020-04-21 00:54:57.360
2020-04-21 00:54:58,763103,763168,2020-04-21 00:54:58.400
2020-04-21 00:54:59,763114,763168,2020-04-21 00:54:59.431
2020-04-21 00:55:00,763114,763168,2020-04-21 00:55:00.481
2020-04-21 00:55:01,763114,763303,2020-04-21 00:55:01.516
2020-04-21 00:55:02,763114,763271,2020-04-21 00:55:02.618
2020-04-21 00:55:03,763114,763248,2020-04-21 00:55:03.631
2020-04-21 00:55:04,763114,763248,2020-04-21 00:55:04.760
2020-04-21 00:55:05,763114,763248,2020-04-21 00:55:05.791
2020-04-21 00:55:06,763114,763248,2020-04-21 00:55:06.871
2020-04-21 00:55:08,763114,763248,2020-04-21 00:55:08.430
2020-04-21 00:55:09,763275,763263,2020-04-21 00:55:09.452
2020-04-21 00:55:10,763275,763318,2020-04-21 00:55:10.472
2020-04-21 00:55:11,763275,763318,2020-04-21 00:55:11.662
2020-04-21 00:55:12,763313,763318,2020-04-21 00:55:12.838
2020-04-21 00:55:13,763323,763318,2020-04-21 00:55:13.881
2020-04-21 00:55:14,763407,763462,2020-04-21 00:55:14.929
2020-04-21 00:55:15,763407,763575,2020-04-21 00:55:15.952
2020-04-21 00:55:16,763703,763642,2020-04-21 00:55:16.964
2020-04-21 00:55:18,763718,763777,2020-04-21 00:55:17.997
2020-04-21 00:55:19,763738,763851,2020-04-21 00:55:19.160
2020-04-21 00:55:20,763829,763823,2020-04-21 00:55:20.173
2020-04-21 00:55:21,763650,763957,2020-04-21 00:55:21.371
2020-04-21 00:55:22,763945,763945,2020-04-21 00:55:22.626
2020-04-21 00:55:24,763945,763945,2020-04-21 00:55:24.030
2020-04-21 00:55:25,763825,763956,2020-04-21 00:55:25.044
2020-04-21 00:55:26,763753,763759,2020-04-21 00:55:26.067
2020-04-21 00:55:27,763753,763759,2020-04-21 00:55:27.079
2020-04-21 00:55:28,763631,763759,2020-04-21 00:55:28.616
2020-04-21 00:55:29,763453,763561,2020-04-21 00:55:29.619
2020-04-21 00:55:30,763515,763456,2020-04-21 00:55:30.679
2020-04-21 00:55:31,763544,763712,2020-04-21 00:55:31.725
2020-04-21 00:55:33,763729,763759,2020-04-21 00:55:33.199
2020-04-21 00:55:34,763729,763759,2020-04-21 00:55:34.274
2020-04-21 00:55:35,763729,763759,2020-04-21 00:55:35.756
2020-04-21 00:55:36,763729,763759,2020-04-21 00:55:36.793
2020-04-21 00:55:37,763729,763759,2020-04-21 00:55:37.796
2020-04-21 00:55:38,763755,763759,2020-04-21 00:55:38.861
2020-04-21 00:55:39,763755,763759,2020-04-21 00:55:39.980
2020-04-21 00:55:41,763755,763759,2020-04-21 00:55:41.010
2020-04-21 00:55:42,763755,763750,2020-04-21 00:55:42.038
2020-04-21 00:55:43,763755,763750,2020-04-21 00:55:43.114
2020-04-21 00:55:44,763755,763750,2020-04-21 00:55:44.149
2020-04-21 00:55:45,763755,763750,2020-04-21 00:55:45.202
2020-04-21 00:55:46,763755,763750,2020-04-21 00:55:46.225
2020-04-21 00:55:47,763755,763750,2020-04-21 00:55:47.388
2020-04-21 00:55:48,763755,763750,2020-04-21 00:55:48.540
2020-04-21 00:55:49,763755,763750,2020-04-21 00:55:49.634
2020-04-21 00:55:51,763755,763750,2020-04-21 00:55:51.203
2020-04-21 00:55:52,763755,763750,2020-04-21 00:55:52.354
2020-04-21 00:55:53,763755,763750,2020-04-21 00:55:53.436
2020-04-21 00:55:54,763755,763750,2020-04-21 00:55:54.839
2020-04-21 00:55:55,763755,763750,2020-04-21 00:55:55.856
2020-04-21 00:55:56,763822,763939,2020-04-21 00:55:56.877
2020-04-21 00:55:58,763822,763939,2020-04-21 00:55:58.538
2020-04-21 00:55:59,763680,763938,2020-04-21 00:55:59.632
2020-04-21 00:56:00,763680,763938,2020-04-21 00:56:00.784
2020-04-21 00:56:01,763680,763937,2020-04-21 00:56:01.816
2020-04-21 00:56:02,763797,763937,2020-04-21 00:56:02.833
2020-04-21 00:56:03,763797,763937,2020-04-21 00:56:03.876
2020-04-21 00:56:04,763797,763937,2020-04-21 00:56:04.901
2020-04-21 00:56:05,763797,763937,2020-04-21 00:56:05.974
2020-04-21 00:56:07,763797,763937,2020-04-21 00:56:07.094
2020-04-21 00:56:08,763818,763937,2020-04-21 00:56:08.109
2020-04-21 00:56:09,763818,763937,2020-04-21 00:56:09.197
2020-04-21 00:56:10,763818,763937,2020-04-21 00:56:10.518
2020-04-21 00:56:11,763818,763937,2020-04-21 00:56:11.602
2020-04-21 00:56:12,763725,763775,2020-04-21 00:56:12.618
2020-04-21 00:56:13,763725,763775,2020-04-21 00:56:13.634
2020-04-21 00:56:14,763713,763775,2020-04-21 00:56:14.756
2020-04-21 00:56:15,763713,763720,2020-04-21 00:56:15.876
2020-04-21 00:56:17,763555,763551,2020-04-21 00:56:17.315
2020-04-21 00:56:18,763555,763551,2020-04-21 00:56:18.332
2020-04-21 00:56:19,763555,763551,2020-04-21 00:56:19.354
2020-04-21 00:56:20,763555,763551,2020-04-21 00:56:20.393
2020-04-21 00:56:21,763555,763551,2020-04-21 00:56:21.580
2020-04-21 00:56:22,763555,763551,2020-04-21 00:56:22.831
2020-04-21 00:56:24,763555,763551,2020-04-21 00:56:24.102
2020-04-21 00:56:25,763555,763551,2020-04-21 00:56:25.521
2020-04-21 00:56:26,763556,763551,2020-04-21 00:56:26.550
2020-04-21 00:56:27,763556,763551,2020-04-21 00:56:27.986
2020-04-21 00:56:28,763556,763551,2020-04-21 00:56:28.997
2020-04-21 00:56:30,763556,763551,2020-04-21 00:56:30.207
2020-04-21 00:56:31,763556,763551,2020-04-21 00:56:31.840
2020-04-21 00:56:32,763556,763551,2020-04-21 00:56:32.916
2020-04-21 00:56:33,763530,763551,2020-04-21 00:56:33.923
2020-04-21 00:56:34,763918,763920,2020-04-21 00:56:34.941
2020-04-21 00:56:35,763940,763953,2020-04-21 00:56:35.950
2020-04-21 00:56:36,763940,763953,2020-04-21 00:56:36.993
2020-04-21 00:56:38,763953,763973,2020-04-21 00:56:38.041
2020-04-21 00:56:39,763953,763973,2020-04-21 00:56:39.439
2020-04-21 00:56:40,763953,763973,2020-04-21 00:56:40.598
2020-04-21 00:56:41,763994,763990,2020-04-21 00:56:41.615
2020-04-21 00:56:42,763994,764055,2020-04-21 00:56:42.644
2020-04-21 00:56:43,763994,764055,2020-04-21 00:56:43.680
2020-04-21 00:56:44,764060,764248,2020-04-21 00:56:44.691
2020-04-21 00:56:45,764310,764386,2020-04-21 00:56:45.765
2020-04-21 00:56:46,764310,764386,2020-04-21 00:56:46.876
2020-04-21 00:56:47,764318,764392,2020-04-21 00:56:47.888
2020-04-21 00:56:48,764430,764388,2020-04-21 00:56:48.952
2020-04-21 00:56:50,764249,764354,2020-04-21 00:56:50.054
2020-04-21 00:56:51,764264,764354,2020-04-21 00:56:51.338
2020-04-21 00:56:52,764252,764354,2020-04-21 00:56:52.543
2020-04-21 00:56:53,764224,764266,2020-04-21 00:56:53.623
2020-04-21 00:56:54,764122,764163,2020-04-21 00:56:54.639
2020-04-21 00:56:55,764112,764118,2020-04-21 00:56:55.930
2020-04-21 00:56:57,764112,764118,2020-04-21 00:56:57.057
2020-04-21 00:56:58,764005,764103,2020-04-21 00:56:58.093
2020-04-21 00:56:59,763843,764103,2020-04-21 00:56:59.139
2020-04-21 00:57:00,763982,764048,2020-04-21 00:57:00.235
2020-04-21 00:57:01,763860,764048,2020-04-21 00:57:01.269
2020-04-21 00:57:02,763877,764048,2020-04-21 00:57:02.620
2020-04-21 00:57:04,763934,764035,2020-04-21 00:57:04.010
2020-04-21 00:57:05,763934,764035,2020-04-21 00:57:05.053
2020-04-21 00:57:06,763934,764023,2020-04-21 00:57:06.075
2020-04-21 00:57:07,763934,763946,2020-04-21 00:57:07.132
2020-04-21 00:57:08,763908,763912,2020-04-21 00:57:08.147
2020-04-21 00:57:09,763908,763912,2020-04-21 00:57:09.204
2020-04-21 00:57:10,763908,763912,2020-04-21 00:57:10.673
2020-04-21 00:57:11,763839,763835,2020-04-21 00:57:11.975
2020-04-21 00:57:13,763839,763835,2020-04-21 00:57:13.718
2020-04-21 00:57:14,763839,763912,2020-04-21 00:57:14.726
2020-04-21 00:57:16,763808,763805,2020-04-21 00:57:16.595
2020-04-21 00:57:17,763797,763793,2020-04-21 00:57:17.634
2020-04-21 00:57:18,763797,763793,2020-04-21 00:57:18.649
2020-04-21 00:57:19,763797,763793,2020-04-21 00:57:19.674
2020-04-21 00:57:20,763797,763793,2020-04-21 00:57:20.711
2020-04-21 00:57:21,763797,763793,2020-04-21 00:57:21.754
2020-04-21 00:57:22,763884,763912,2020-04-21 00:57:22.862
2020-04-21 00:57:24,763884,763912,2020-04-21 00:57:24.077
2020-04-21 00:57:25,763884,764072,2020-04-21 00:57:25.098
2020-04-21 00:57:26,763884,764072,2020-04-21 00:57:26.136
2020-04-21 00:57:27,763884,764072,2020-04-21 00:57:27.183
2020-04-21 00:57:28,763884,764040,2020-04-21 00:57:28.211
2020-04-21 00:57:29,763884,764040,2020-04-21 00:57:29.267
2020-04-21 00:57:30,763884,764040,2020-04-21 00:57:30.310
2020-04-21 00:57:31,763884,764040,2020-04-21 00:57:31.327
2020-04-21 00:57:32,764046,764040,2020-04-21 00:57:32.577
2020-04-21 00:57:33,764046,764040,2020-04-21 00:57:33.618
2020-04-21 00:57:34,764046,764040,2020-04-21 00:57:34.640
2020-04-21 00:57:35,764046,764040,2020-04-21 00:57:35.666
2020-04-21 00:57:36,764046,764040,2020-04-21 00:57:36.791
2020-04-21 00:57:37,764046,764040,2020-04-21 00:57:37.833
2020-04-21 00:57:38,764046,764040,2020-04-21 00:57:38.860
2020-04-21 00:57:39,764051,764072,2020-04-21 00:57:39.898
2020-04-21 00:57:40,764051,764072,2020-04-21 00:57:40.933
2020-04-21 00:57:41,764051,764072,2020-04-21 00:57:41.949
2020-04-21 00:57:43,764054,764072,2020-04-21 00:57:43.280
2020-04-21 00:57:44,764054,764072,2020-04-21 00:57:44.709
2020-04-21 00:57:45,764054,764072,2020-04-21 00:57:45.804
2020-04-21 00:57:46,764054,764072,2020-04-21 00:57:46.851
2020-04-21 00:57:47,764056,764250,2020-04-21 00:57:47.883
2020-04-21 00:57:48,764057,764213,2020-04-21 00:57:48.911
2020-04-21 00:57:49,764057,764213,2020-04-21 00:57:49.934
2020-04-21 00:57:50,764093,764283,2020-04-21 00:57:50.948
2020-04-21 00:57:52,764093,764283,2020-04-21 00:57:52.631
2020-04-21 00:57:53,764093,764283,2020-04-21 00:57:53.661
2020-04-21 00:57:54,764093,764283,2020-04-21 00:57:54.681
2020-04-21 00:57:55,764093,764283,2020-04-21 00:57:55.711
2020-04-21 00:57:56,764146,764419,2020-04-21 00:57:56.779
2020-04-21 00:57:58,764456,764444,2020-04-21 00:57:58.252
2020-04-21 00:57:59,764456,764444,2020-04-21 00:57:59.296
2020-04-21 00:58:00,764456,764444,2020-04-21 00:58:00.380
2020-04-21 00:58:01,764456,764444,2020-04-21 00:58:01.468
2020-04-21 00:58:02,764456,764444,2020-04-21 00:58:02.619
2020-04-21 00:58:03,764456,764444,2020-04-21 00:58:03.695
2020-04-21 00:58:04,764456,764444,2020-04-21 00:58:04.713
2020-04-21 00:58:05,764510,764587,2020-04-21 00:58:05.731
2020-04-21 00:58:06,764750,764751,2020-04-21 00:58:06.782
2020-04-21 00:58:07,764750,764751,2020-04-21 00:58:07.804
2020-04-21 00:58:09,764768,764752,2020-04-21 00:58:09.059
2020-04-21 00:58:10,764768,764752,2020-04-21 00:58:10.119
2020-04-21 00:58:11,764738,764733,2020-04-21 00:58:11.132
2020-04-21 00:58:12,764738,764673,2020-04-21 00:58:12.209
2020-04-21 00:58:13,764738,764673,2020-04-21 00:58:13.246
2020-04-21 00:58:14,764637,764670,2020-04-21 00:58:14.276
2020-04-21 00:58:15,764637,764670,2020-04-21 00:58:15.330
2020-04-21 00:58:16,764637,764670,2020-04-21 00:58:16.394
2020-04-21 00:58:17,764593,764632,2020-04-21 00:58:17.407
2020-04-21 00:58:18,764366,764410,2020-04-21 00:58:18.430
2020-04-21 00:58:19,764366,764410,2020-04-21 00:58:19.461
2020-04-21 00:58:20,764334,764405,2020-04-21 00:58:20.470
2020-04-21 00:58:21,764277,764378,2020-04-21 00:58:21.937
2020-04-21 00:58:22,764277,764378,2020-04-21 00:58:22.947
2020-04-21 00:58:24,764383,764399,2020-04-21 00:58:24.058
2020-04-21 00:58:25,764383,764459,2020-04-21 00:58:25.616
2020-04-21 00:58:26,764464,764479,2020-04-21 00:58:26.626
2020-04-21 00:58:27,764464,764479,2020-04-21 00:58:27.649
2020-04-21 00:58:28,764535,764547,2020-04-21 00:58:28.686
2020-04-21 00:58:29,764535,764547,2020-04-21 00:58:29.714
2020-04-21 00:58:30,764535,764561,2020-04-21 00:58:30.758
2020-04-21 00:58:31,764535,764561,2020-04-21 00:58:31.797
2020-04-21 00:58:32,764535,764561,2020-04-21 00:58:32.846
2020-04-21 00:58:33,764535,764534,2020-04-21 00:58:33.860
2020-04-21 00:58:34,764535,764534,2020-04-21 00:58:34.908
2020-04-21 00:58:35,764535,764534,2020-04-21 00:58:35.942
2020-04-21 00:58:37,764535,764534,2020-04-21 00:58:37.011
2020-04-21 00:58:38,764535,764623,2020-04-21 00:58:38.037
2020-04-21 00:58:39,764535,764535,2020-04-21 00:58:39.229
2020-04-21 00:58:40,764383,764383,2020-04-21 00:58:40.252
2020-04-21 00:58:41,764359,764380,2020-04-21 00:58:41.284
2020-04-21 00:58:42,764354,764380,2020-04-21 00:58:42.337
2020-04-21 00:58:43,764352,764354,2020-04-21 00:58:43.394
2020-04-21 00:58:44,764352,764354,2020-04-21 00:58:44.412
2020-04-21 00:58:45,764352,764354,2020-04-21 00:58:45.457
2020-04-21 00:58:46,764352,764476,2020-04-21 00:58:46.685
2020-04-21 00:58:47,764301,764298,2020-04-21 00:58:47.769
2020-04-21 00:58:48,764250,764298,2020-04-21 00:58:48.786
2020-04-21 00:58:49,764247,764298,2020-04-21 00:58:49.834
2020-04-21 00:58:51,764247,764245,2020-04-21 00:58:50.931
2020-04-21 00:58:52,764247,764421,2020-04-21 00:58:52.048
2020-04-21 00:58:53,764231,764225,2020-04-21 00:58:53.126
2020-04-21 00:58:54,764191,764215,2020-04-21 00:58:54.344
2020-04-21 00:58:55,764191,764193,2020-04-21 00:58:55.374
2020-04-21 00:58:56,764191,764193,2020-04-21 00:58:56.510
2020-04-21 00:58:57,764184,764180,2020-04-21 00:58:57.933
2020-04-21 00:58:59,764184,764180,2020-04-21 00:58:59.151
2020-04-21 00:59:00,764179,764206,2020-04-21 00:59:00.202
2020-04-21 00:59:01,764179,764254,2020-04-21 00:59:01.266
2020-04-21 00:59:02,764179,764249,2020-04-21 00:59:02.304
2020-04-21 00:59:03,764157,764249,2020-04-21 00:59:03.316
2020-04-21 00:59:04,764157,764236,2020-04-21 00:59:04.401
2020-04-21 00:59:05,764173,764236,2020-04-21 00:59:05.421
2020-04-21 00:59:06,764173,764230,2020-04-21 00:59:06.463
2020-04-21 00:59:07,764268,764345,2020-04-21 00:59:07.482
2020-04-21 00:59:08,764264,764345,2020-04-21 00:59:08.500
2020-04-21 00:59:09,764281,764574,2020-04-21 00:59:09.795
2020-04-21 00:59:10,764306,764573,2020-04-21 00:59:10.852
2020-04-21 00:59:12,764358,764673,2020-04-21 00:59:12.195
2020-04-21 00:59:13,764406,764666,2020-04-21 00:59:13.426
2020-04-21 00:59:14,764407,764662,2020-04-21 00:59:14.753
2020-04-21 00:59:15,764423,764624,2020-04-21 00:59:15.775
2020-04-21 00:59:16,764423,764624,2020-04-21 00:59:16.802
2020-04-21 00:59:17,764439,764662,2020-04-21 00:59:17.830
2020-04-21 00:59:18,764442,764657,2020-04-21 00:59:18.850
2020-04-21 00:59:19,764442,764656,2020-04-21 00:59:19.945
2020-04-21 00:59:20,764442,764643,2020-04-21 00:59:20.997
2020-04-21 00:59:22,764442,764639,2020-04-21 00:59:22.158
2020-04-21 00:59:23,764442,764636,2020-04-21 00:59:23.419
2020-04-21 00:59:24,764406,764601,2020-04-21 00:59:24.431
2020-04-21 00:59:25,764406,764600,2020-04-21 00:59:25.488
2020-04-21 00:59:26,764406,764589,2020-04-21 00:59:26.505
2020-04-21 00:59:27,764406,764588,2020-04-21 00:59:27.545
2020-04-21 00:59:28,764406,764587,2020-04-21 00:59:28.706
2020-04-21 00:59:30,764294,764586,2020-04-21 00:59:30.004
2020-04-21 00:59:31,764299,764494,2020-04-21 00:59:31.041
2020-04-21 00:59:32,764342,764494,2020-04-21 00:59:32.052
2020-04-21 00:59:33,764499,764550,2020-04-21 00:59:33.215
2020-04-21 00:59:34,764499,764550,2020-04-21 00:59:34.261
2020-04-21 00:59:35,764499,764550,2020-04-21 00:59:35.284
2020-04-21 00:59:36,764555,764550,2020-04-21 00:59:36.513
2020-04-21 00:59:37,764415,764550,2020-04-21 00:59:37.724
2020-04-21 00:59:38,764415,764550,2020-04-21 00:59:38.745
2020-04-21 00:59:40,764418,764550,2020-04-21 00:59:40.054
2020-04-21 00:59:41,764418,764550,2020-04-21 00:59:41.078
2020-04-21 00:59:42,764418,764550,2020-04-21 00:59:42.299
2020-04-21 00:59:43,764418,764550,2020-04-21 00:59:43.328
2020-04-21 00:59:44,764421,764550,2020-04-21 00:59:44.626
2020-04-21 00:59:45,764476,764666,2020-04-21 00:59:45.648
2020-04-21 00:59:46,764476,764665,2020-04-21 00:59:46.806
2020-04-21 00:59:47,764493,764664,2020-04-21 00:59:47.871
2020-04-21 00:59:49,764476,764488,2020-04-21 00:59:49.249
2020-04-21 00:59:50,764476,764484,2020-04-21 00:59:50.410
2020-04-21 00:59:51,764436,764484,2020-04-21 00:59:51.450
2020-04-21 00:59:52,764458,764458,2020-04-21 00:59:52.743
2020-04-21 00:59:53,764458,764458,2020-04-21 00:59:53.763
2020-04-21 00:59:54,764312,764458,2020-04-21 00:59:54.863
2020-04-21 00:59:55,764330,764458,2020-04-21 00:59:55.921
2020-04-21 00:59:56,764330,764458,2020-04-21 00:59:56.948
2020-04-21 00:59:57,764463,764474,2020-04-21 00:59:57.980
2020-04-21 00:59:59,764463,764488,2020-04-21 00:59:59.005
2020-04-21 01:00:00,764463,764488,2020-04-21 01:00:00.035
2020-04-21 01:00:01,764546,764572,2020-04-21 01:00:01.048
2020-04-21 01:00:02,764546,764572,2020-04-21 01:00:02.076
2020-04-21 01:00:03,764546,764572,2020-04-21 01:00:03.128
2020-04-21 01:00:04,764577,764573,2020-04-21 01:00:04.161
2020-04-21 01:00:05,764577,764573,2020-04-21 01:00:05.199
2020-04-21 01:00:06,764575,764573,2020-04-21 01:00:06.220
2020-04-21 01:00:07,764382,764540,2020-04-21 01:00:07.255
2020-04-21 01:00:08,764401,764540,2020-04-21 01:00:08.287
2020-04-21 01:00:09,764401,764526,2020-04-21 01:00:09.344
2020-04-21 01:00:10,764394,764526,2020-04-21 01:00:10.364
2020-04-21 01:00:11,764292,764512,2020-04-21 01:00:11.400
2020-04-21 01:00:12,764249,764512,2020-04-21 01:00:12.515
2020-04-21 01:00:13,764261,764512,2020-04-21 01:00:13.543
2020-04-21 01:00:14,764112,764386,2020-04-21 01:00:14.588
2020-04-21 01:00:15,764249,764386,2020-04-21 01:00:15.653
2020-04-21 01:00:16,764127,764199,2020-04-21 01:00:16.695
2020-04-21 01:00:17,764024,764159,2020-04-21 01:00:17.790
2020-04-21 01:00:18,763988,764011,2020-04-21 01:00:18.858
2020-04-21 01:00:19,763946,763946,2020-04-21 01:00:19.954
2020-04-21 01:00:21,763951,763959,2020-04-21 01:00:21.244
2020-04-21 01:00:22,763864,763937,2020-04-21 01:00:22.284
2020-04-21 01:00:23,763852,763856,2020-04-21 01:00:23.316
2020-04-21 01:00:24,763851,763848,2020-04-21 01:00:24.365
2020-04-21 01:00:25,763765,763844,2020-04-21 01:00:25.424
2020-04-21 01:00:26,763727,763859,2020-04-21 01:00:26.490
2020-04-21 01:00:27,763727,763917,2020-04-21 01:00:27.506
2020-04-21 01:00:28,763727,763855,2020-04-21 01:00:28.548
2020-04-21 01:00:29,763593,763824,2020-04-21 01:00:29.553
2020-04-21 01:00:30,763593,763638,2020-04-21 01:00:30.562
2020-04-21 01:00:31,763673,763765,2020-04-21 01:00:31.630
2020-04-21 01:00:32,763841,763831,2020-04-21 01:00:32.664
2020-04-21 01:00:33,763841,763796,2020-04-21 01:00:33.855
2020-04-21 01:00:35,763841,763796,2020-04-21 01:00:35.263
2020-04-21 01:00:36,763841,763796,2020-04-21 01:00:36.313
2020-04-21 01:00:37,763841,763796,2020-04-21 01:00:37.330
2020-04-21 01:00:38,763637,763730,2020-04-21 01:00:38.729
2020-04-21 01:00:39,763637,763658,2020-04-21 01:00:39.741
2020-04-21 01:00:40,763570,763658,2020-04-21 01:00:40.844
2020-04-21 01:00:42,763570,763654,2020-04-21 01:00:42.182
2020-04-21 01:00:43,763570,763654,2020-04-21 01:00:43.252
2020-04-21 01:00:44,763603,763780,2020-04-21 01:00:44.277
2020-04-21 01:00:45,763603,763751,2020-04-21 01:00:45.500
2020-04-21 01:00:46,763598,763751,2020-04-21 01:00:46.514
2020-04-21 01:00:47,763598,763724,2020-04-21 01:00:47.606
2020-04-21 01:00:48,763570,763724,2020-04-21 01:00:48.641
2020-04-21 01:00:49,763570,763845,2020-04-21 01:00:49.664
2020-04-21 01:00:50,763570,763574,2020-04-21 01:00:50.682
2020-04-21 01:00:51,763383,763463,2020-04-21 01:00:51.707
2020-04-21 01:00:52,763372,763463,2020-04-21 01:00:52.720
2020-04-21 01:00:53,763359,763350,2020-04-21 01:00:53.723
2020-04-21 01:00:54,763176,763318,2020-04-21 01:00:54.735
2020-04-21 01:00:55,763176,763290,2020-04-21 01:00:55.764
2020-04-21 01:00:56,763181,763290,2020-04-21 01:00:56.803
2020-04-21 01:00:57,763181,763290,2020-04-21 01:00:57.818
2020-04-21 01:00:58,763175,763159,2020-04-21 01:00:58.870
2020-04-21 01:00:59,763140,763159,2020-04-21 01:00:59.936
2020-04-21 01:01:00,763222,763289,2020-04-21 01:01:00.944
2020-04-21 01:01:02,763153,763277,2020-04-21 01:01:02.161
2020-04-21 01:01:03,763295,763303,2020-04-21 01:01:03.261
2020-04-21 01:01:04,763295,763303,2020-04-21 01:01:04.265
2020-04-21 01:01:05,763345,763328,2020-04-21 01:01:05.294
2020-04-21 01:01:06,763345,763328,2020-04-21 01:01:06.412
2020-04-21 01:01:07,763489,763491,2020-04-21 01:01:07.425
2020-04-21 01:01:08,763489,763530,2020-04-21 01:01:08.477
2020-04-21 01:01:09,763553,763571,2020-04-21 01:01:09.494
2020-04-21 01:01:10,763577,763570,2020-04-21 01:01:10.502
2020-04-21 01:01:11,763577,763570,2020-04-21 01:01:11.533
2020-04-21 01:01:12,763451,763664,2020-04-21 01:01:12.553
2020-04-21 01:01:13,763750,763746,2020-04-21 01:01:13.655
2020-04-21 01:01:14,763750,763752,2020-04-21 01:01:14.678
2020-04-21 01:01:15,763750,763752,2020-04-21 01:01:15.701
2020-04-21 01:01:16,763669,763752,2020-04-21 01:01:16.837
2020-04-21 01:01:17,763603,763664,2020-04-21 01:01:17.910
2020-04-21 01:01:18,763623,763664,2020-04-21 01:01:18.928
2020-04-21 01:01:20,763623,763664,2020-04-21 01:01:20.100
2020-04-21 01:01:21,763537,763598,2020-04-21 01:01:21.125
2020-04-21 01:01:22,763550,763598,2020-04-21 01:01:22.132
2020-04-21 01:01:23,763550,763598,2020-04-21 01:01:23.229
2020-04-21 01:01:24,763438,763598,2020-04-21 01:01:24.281
2020-04-21 01:01:25,763464,763481,2020-04-21 01:01:25.379
2020-04-21 01:01:26,763491,763481,2020-04-21 01:01:26.419
2020-04-21 01:01:27,763491,763481,2020-04-21 01:01:27.441
2020-04-21 01:01:28,763428,763433,2020-04-21 01:01:28.453
2020-04-21 01:01:29,763428,763433,2020-04-21 01:01:29.469
2020-04-21 01:01:30,763428,763433,2020-04-21 01:01:30.595
2020-04-21 01:01:31,763428,763433,2020-04-21 01:01:31.867
2020-04-21 01:01:32,763385,763392,2020-04-21 01:01:32.958
2020-04-21 01:01:34,763385,763392,2020-04-21 01:01:34.007
2020-04-21 01:01:35,763309,763392,2020-04-21 01:01:35.135
2020-04-21 01:01:36,763238,763211,2020-04-21 01:01:36.464
2020-04-21 01:01:38,763238,763208,2020-04-21 01:01:38.002
2020-04-21 01:01:39,763238,763208,2020-04-21 01:01:39.016
2020-04-21 01:01:40,763263,763304,2020-04-21 01:01:40.061
2020-04-21 01:01:41,763263,763304,2020-04-21 01:01:41.092
2020-04-21 01:01:42,763274,763304,2020-04-21 01:01:42.106
2020-04-21 01:01:43,763274,763304,2020-04-21 01:01:43.281
2020-04-21 01:01:44,763372,763386,2020-04-21 01:01:44.339
2020-04-21 01:01:45,763503,763491,2020-04-21 01:01:45.366
2020-04-21 01:01:46,763503,763491,2020-04-21 01:01:46.432
2020-04-21 01:01:48,763503,763491,2020-04-21 01:01:48.231
2020-04-21 01:01:49,763317,763491,2020-04-21 01:01:49.317
2020-04-21 01:01:50,763317,763448,2020-04-21 01:01:50.328
2020-04-21 01:01:51,763469,763491,2020-04-21 01:01:51.436
2020-04-21 01:01:52,763469,763491,2020-04-21 01:01:52.539
2020-04-21 01:01:53,763469,763491,2020-04-21 01:01:53.549
2020-04-21 01:01:54,763469,763491,2020-04-21 01:01:54.583
2020-04-21 01:01:55,763469,763491,2020-04-21 01:01:55.718
2020-04-21 01:01:56,763469,763491,2020-04-21 01:01:56.844
2020-04-21 01:01:57,763469,763491,2020-04-21 01:01:57.883
2020-04-21 01:01:58,763469,763491,2020-04-21 01:01:58.902
2020-04-21 01:02:00,763522,763528,2020-04-21 01:02:00.019
2020-04-21 01:02:01,763522,763528,2020-04-21 01:02:01.044
2020-04-21 01:02:02,763522,763528,2020-04-21 01:02:02.144
2020-04-21 01:02:03,763522,763528,2020-04-21 01:02:03.179
2020-04-21 01:02:04,763522,763528,2020-04-21 01:02:04.369
2020-04-21 01:02:05,763377,763528,2020-04-21 01:02:05.409
2020-04-21 01:02:06,763377,763381,2020-04-21 01:02:06.449
2020-04-21 01:02:07,763377,763381,2020-04-21 01:02:07.473
2020-04-21 01:02:08,763317,763316,2020-04-21 01:02:08.501
2020-04-21 01:02:09,763317,763316,2020-04-21 01:02:09.647
2020-04-21 01:02:10,763317,763316,2020-04-21 01:02:10.694
2020-04-21 01:02:11,763275,763277,2020-04-21 01:02:11.963
2020-04-21 01:02:13,763238,763246,2020-04-21 01:02:13.252
2020-04-21 01:02:14,763238,763246,2020-04-21 01:02:14.382
2020-04-21 01:02:15,763238,763246,2020-04-21 01:02:15.463
2020-04-21 01:02:16,763238,763235,2020-04-21 01:02:16.800
2020-04-21 01:02:18,763238,763235,2020-04-21 01:02:18.140
2020-04-21 01:02:19,763238,763235,2020-04-21 01:02:19.226
2020-04-21 01:02:20,763238,763449,2020-04-21 01:02:20.243
2020-04-21 01:02:21,763238,763449,2020-04-21 01:02:21.258
2020-04-21 01:02:22,763238,763396,2020-04-21 01:02:22.284
2020-04-21 01:02:23,763238,763396,2020-04-21 01:02:23.843
2020-04-21 01:02:24,763401,763418,2020-04-21 01:02:24.964
2020-04-21 01:02:25,763401,763418,2020-04-21 01:02:25.991
2020-04-21 01:02:27,763401,763418,2020-04-21 01:02:27.270
2020-04-21 01:02:28,763401,763445,2020-04-21 01:02:28.302
2020-04-21 01:02:29,763401,763445,2020-04-21 01:02:29.349
2020-04-21 01:02:30,763401,763428,2020-04-21 01:02:30.423
2020-04-21 01:02:31,763401,763449,2020-04-21 01:02:31.559
2020-04-21 01:02:32,763401,763449,2020-04-21 01:02:32.839
2020-04-21 01:02:33,763419,763450,2020-04-21 01:02:33.871
2020-04-21 01:02:34,763419,763450,2020-04-21 01:02:34.883
2020-04-21 01:02:35,763419,763450,2020-04-21 01:02:35.977
2020-04-21 01:02:36,763419,763450,2020-04-21 01:02:36.993
2020-04-21 01:02:38,763434,763497,2020-04-21 01:02:38.212
2020-04-21 01:02:39,763543,763622,2020-04-21 01:02:39.898
2020-04-21 01:02:40,763551,763622,2020-04-21 01:02:40.917
2020-04-21 01:02:41,763561,763622,2020-04-21 01:02:41.925
2020-04-21 01:02:43,763561,763622,2020-04-21 01:02:43.339
2020-04-21 01:02:45,763627,763652,2020-04-21 01:02:45.049
2020-04-21 01:02:46,763627,763652,2020-04-21 01:02:46.094
2020-04-21 01:02:47,763681,763797,2020-04-21 01:02:47.119
2020-04-21 01:02:48,763819,763797,2020-04-21 01:02:48.327
2020-04-21 01:02:49,763824,763797,2020-04-21 01:02:49.420
2020-04-21 01:02:50,763835,763937,2020-04-21 01:02:50.455
2020-04-21 01:02:51,763978,763986,2020-04-21 01:02:51.471
2020-04-21 01:02:52,763979,763985,2020-04-21 01:02:52.482
2020-04-21 01:02:53,763979,763985,2020-04-21 01:02:53.548
2020-04-21 01:02:55,763864,763867,2020-04-21 01:02:55.477
2020-04-21 01:02:56,763833,763840,2020-04-21 01:02:56.525
2020-04-21 01:02:57,763792,763840,2020-04-21 01:02:57.602
2020-04-21 01:02:58,763958,763840,2020-04-21 01:02:58.613
2020-04-21 01:02:59,763958,763840,2020-04-21 01:02:59.636
2020-04-21 01:03:00,763958,763840,2020-04-21 01:03:00.849
2020-04-21 01:03:01,763958,763840,2020-04-21 01:03:01.870
2020-04-21 01:03:02,763813,763840,2020-04-21 01:03:02.935
2020-04-21 01:03:03,763887,763972,2020-04-21 01:03:03.957
2020-04-21 01:03:05,763899,763986,2020-04-21 01:03:05.015
2020-04-21 01:03:06,763899,763985,2020-04-21 01:03:06.068
2020-04-21 01:03:07,763899,763935,2020-04-21 01:03:07.136
2020-04-21 01:03:08,763899,763935,2020-04-21 01:03:08.191
2020-04-21 01:03:09,763899,763935,2020-04-21 01:03:09.254
2020-04-21 01:03:10,763899,763935,2020-04-21 01:03:10.269
2020-04-21 01:03:11,763787,763788,2020-04-21 01:03:11.401
2020-04-21 01:03:13,763831,763808,2020-04-21 01:03:13.039
2020-04-21 01:03:14,763890,763956,2020-04-21 01:03:14.090
2020-04-21 01:03:15,763890,763986,2020-04-21 01:03:15.116
2020-04-21 01:03:16,763891,763986,2020-04-21 01:03:16.172
2020-04-21 01:03:17,763905,763986,2020-04-21 01:03:17.326
2020-04-21 01:03:18,763905,763985,2020-04-21 01:03:18.415
2020-04-21 01:03:19,763905,763985,2020-04-21 01:03:19.472
2020-04-21 01:03:20,763800,763873,2020-04-21 01:03:20.477
2020-04-21 01:03:21,763666,763780,2020-04-21 01:03:21.489
2020-04-21 01:03:23,763505,763741,2020-04-21 01:03:23.285
2020-04-21 01:03:24,763569,763736,2020-04-21 01:03:24.307
2020-04-21 01:03:25,763594,763736,2020-04-21 01:03:25.572
2020-04-21 01:03:26,763594,763726,2020-04-21 01:03:26.602
2020-04-21 01:03:27,763594,763726,2020-04-21 01:03:27.762
2020-04-21 01:03:28,763594,763726,2020-04-21 01:03:28.778
2020-04-21 01:03:29,763594,763726,2020-04-21 01:03:29.782
2020-04-21 01:03:30,763654,763726,2020-04-21 01:03:30.808
2020-04-21 01:03:31,763740,763802,2020-04-21 01:03:31.864
2020-04-21 01:03:32,763740,763802,2020-04-21 01:03:32.962
2020-04-21 01:03:34,763805,763802,2020-04-21 01:03:34.149
2020-04-21 01:03:35,763805,763802,2020-04-21 01:03:35.195
2020-04-21 01:03:36,763805,763802,2020-04-21 01:03:36.331
2020-04-21 01:03:37,763841,763851,2020-04-21 01:03:37.433
2020-04-21 01:03:38,763912,763890,2020-04-21 01:03:38.456
2020-04-21 01:03:39,764028,764110,2020-04-21 01:03:39.493
2020-04-21 01:03:40,764068,764109,2020-04-21 01:03:40.796
2020-04-21 01:03:41,764068,764110,2020-04-21 01:03:41.848
2020-04-21 01:03:42,764068,764109,2020-04-21 01:03:42.856
2020-04-21 01:03:43,764068,764112,2020-04-21 01:03:43.863
2020-04-21 01:03:44,764155,764289,2020-04-21 01:03:44.874
2020-04-21 01:03:45,764034,764289,2020-04-21 01:03:45.902
2020-04-21 01:03:46,764245,764249,2020-04-21 01:03:46.908
2020-04-21 01:03:48,764245,764249,2020-04-21 01:03:48.034
2020-04-21 01:03:49,764255,764288,2020-04-21 01:03:49.071
2020-04-21 01:03:50,764255,764288,2020-04-21 01:03:50.309
2020-04-21 01:03:51,764276,764288,2020-04-21 01:03:51.336
2020-04-21 01:03:52,764276,764288,2020-04-21 01:03:52.597
2020-04-21 01:03:53,764276,764288,2020-04-21 01:03:53.883
2020-04-21 01:03:54,764276,764288,2020-04-21 01:03:54.903
2020-04-21 01:03:55,764276,764288,2020-04-21 01:03:55.945
2020-04-21 01:03:57,764245,764288,2020-04-21 01:03:57.651
2020-04-21 01:03:58,764245,764240,2020-04-21 01:03:58.666
2020-04-21 01:03:59,764301,764423,2020-04-21 01:03:59.844
2020-04-21 01:04:00,764301,764422,2020-04-21 01:04:00.986
2020-04-21 01:04:02,764301,764422,2020-04-21 01:04:02.355
2020-04-21 01:04:03,764344,764422,2020-04-21 01:04:03.388
2020-04-21 01:04:04,764439,764434,2020-04-21 01:04:04.783
2020-04-21 01:04:05,764482,764530,2020-04-21 01:04:05.840
2020-04-21 01:04:06,764482,764530,2020-04-21 01:04:06.852
2020-04-21 01:04:07,764482,764530,2020-04-21 01:04:07.983
2020-04-21 01:04:09,764486,764642,2020-04-21 01:04:09.021
2020-04-21 01:04:10,764554,764642,2020-04-21 01:04:10.057
2020-04-21 01:04:11,764646,764660,2020-04-21 01:04:11.064
2020-04-21 01:04:12,764664,764660,2020-04-21 01:04:12.384
2020-04-21 01:04:13,764747,764742,2020-04-21 01:04:13.425
2020-04-21 01:04:14,764747,764794,2020-04-21 01:04:14.742
2020-04-21 01:04:15,764747,764794,2020-04-21 01:04:15.838
2020-04-21 01:04:17,764747,764908,2020-04-21 01:04:17.012
2020-04-21 01:04:18,764666,764869,2020-04-21 01:04:18.297
2020-04-21 01:04:19,764666,764684,2020-04-21 01:04:19.351
2020-04-21 01:04:20,764666,764662,2020-04-21 01:04:20.576
2020-04-21 01:04:21,764666,764662,2020-04-21 01:04:21.604
2020-04-21 01:04:22,764666,764662,2020-04-21 01:04:22.648
2020-04-21 01:04:23,764666,764662,2020-04-21 01:04:23.666
2020-04-21 01:04:24,764428,764591,2020-04-21 01:04:24.934
2020-04-21 01:04:26,764433,764591,2020-04-21 01:04:26.045
2020-04-21 01:04:27,764433,764591,2020-04-21 01:04:27.101
2020-04-21 01:04:28,764464,764591,2020-04-21 01:04:28.121
2020-04-21 01:04:29,764646,764791,2020-04-21 01:04:29.146
2020-04-21 01:04:30,764646,764792,2020-04-21 01:04:30.161
