timestamp,bid,ask,tick_timestamp
2020-03-25 00:27:44,730493.0,730946.0,2020-03-25 00:27:43
2020-03-25 00:27:45,730493.0,730946.0,2020-03-25 00:27:45
2020-03-25 00:27:46,729811.0,730043.0,2020-03-25 00:27:46
2020-03-25 00:27:47,729811.0,730043.0,2020-03-25 00:27:47
2020-03-25 00:27:48,729811.0,730043.0,2020-03-25 00:27:48
2020-03-25 00:27:49,729811.0,730043.0,2020-03-25 00:27:49
2020-03-25 00:27:50,729811.0,730043.0,2020-03-25 00:27:50
2020-03-25 00:27:51,729811.0,730043.0,2020-03-25 00:27:51
2020-03-25 00:27:52,729811.0,730043.0,2020-03-25 00:27:52
2020-03-25 00:27:53,729811.0,730043.0,2020-03-25 00:27:53
2020-03-25 00:27:54,729811.0,730043.0,2020-03-25 00:27:54
2020-03-25 00:27:55,729811.0,730043.0,2020-03-25 00:27:55
2020-03-25 00:27:56,729500.0,729803.0,2020-03-25 00:27:56
2020-03-25 00:27:58,729500.0,729803.0,2020-03-25 00:27:57
2020-03-25 00:27:59,729500.0,729803.0,2020-03-25 00:27:59
2020-03-25 00:28:00,729500.0,729803.0,2020-03-25 00:28:00
2020-03-25 00:28:01,729500.0,729803.0,2020-03-25 00:28:01
2020-03-25 00:28:02,729500.0,729803.0,2020-03-25 00:28:02
2020-03-25 00:28:03,729500.0,729803.0,2020-03-25 00:28:03
2020-03-25 00:28:04,729500.0,729803.0,2020-03-25 00:28:04
2020-03-25 00:28:05,729500.0,729803.0,2020-03-25 00:28:05
2020-03-25 00:28:06,729520.0,729912.0,2020-03-25 00:28:06
2020-03-25 00:28:07,729520.0,729912.0,2020-03-25 00:28:07
2020-03-25 00:28:08,729520.0,729912.0,2020-03-25 00:28:08
2020-03-25 00:28:09,729520.0,729912.0,2020-03-25 00:28:09
2020-03-25 00:28:10,729520.0,729912.0,2020-03-25 00:28:10
2020-03-25 00:28:11,729520.0,729912.0,2020-03-25 00:28:11
2020-03-25 00:28:12,729520.0,729912.0,2020-03-25 00:28:12
2020-03-25 00:28:13,729520.0,729912.0,2020-03-25 00:28:13
2020-03-25 00:28:15,729520.0,729912.0,2020-03-25 00:28:14
2020-03-25 00:28:16,729520.0,729912.0,2020-03-25 00:28:16
2020-03-25 00:28:17,730556.0,731000.0,2020-03-25 00:28:17
2020-03-25 00:28:18,730556.0,731000.0,2020-03-25 00:28:18
2020-03-25 00:28:19,730556.0,731000.0,2020-03-25 00:28:19
2020-03-25 00:28:20,730556.0,731000.0,2020-03-25 00:28:20
2020-03-25 00:28:21,730556.0,731000.0,2020-03-25 00:28:21
2020-03-25 00:28:22,730556.0,731000.0,2020-03-25 00:28:22
2020-03-25 00:28:23,730556.0,731000.0,2020-03-25 00:28:23
2020-03-25 00:28:24,730556.0,731000.0,2020-03-25 00:28:24
2020-03-25 00:28:25,730556.0,731000.0,2020-03-25 00:28:25
2020-03-25 00:28:26,730404.0,730718.0,2020-03-25 00:28:26
2020-03-25 00:28:27,730404.0,730718.0,2020-03-25 00:28:27
2020-03-25 00:28:28,730404.0,730718.0,2020-03-25 00:28:28
2020-03-25 00:28:29,730404.0,730718.0,2020-03-25 00:28:29
2020-03-25 00:28:30,730404.0,730718.0,2020-03-25 00:28:30
2020-03-25 00:28:31,730404.0,730718.0,2020-03-25 00:28:31
2020-03-25 00:28:33,730404.0,730718.0,2020-03-25 00:28:32
2020-03-25 00:28:34,730404.0,730718.0,2020-03-25 00:28:34
2020-03-25 00:28:35,730404.0,730718.0,2020-03-25 00:28:35
2020-03-25 00:28:36,730404.0,730718.0,2020-03-25 00:28:36
2020-03-25 00:28:37,730404.0,730718.0,2020-03-25 00:28:37
2020-03-25 00:28:38,730034.0,730386.0,2020-03-25 00:28:38
2020-03-25 00:28:39,730034.0,730386.0,2020-03-25 00:28:39
2020-03-25 00:28:40,730034.0,730386.0,2020-03-25 00:28:40
2020-03-25 00:28:41,730034.0,730386.0,2020-03-25 00:28:41
2020-03-25 00:28:42,730034.0,730386.0,2020-03-25 00:28:42
2020-03-25 00:28:43,730034.0,730386.0,2020-03-25 00:28:43
2020-03-25 00:28:44,730034.0,730386.0,2020-03-25 00:28:44
2020-03-25 00:28:45,730034.0,730386.0,2020-03-25 00:28:45
2020-03-25 00:28:46,730530.0,730784.0,2020-03-25 00:28:46
2020-03-25 00:28:47,730530.0,730784.0,2020-03-25 00:28:47
2020-03-25 00:28:48,730530.0,730784.0,2020-03-25 00:28:48
2020-03-25 00:28:49,730530.0,730784.0,2020-03-25 00:28:49
2020-03-25 00:28:50,730530.0,730784.0,2020-03-25 00:28:50
2020-03-25 00:28:52,730530.0,730784.0,2020-03-25 00:28:52
2020-03-25 00:28:53,730530.0,730784.0,2020-03-25 00:28:53
2020-03-25 00:28:54,730530.0,730784.0,2020-03-25 00:28:54
2020-03-25 00:28:55,730530.0,730784.0,2020-03-25 00:28:55
2020-03-25 00:28:56,730530.0,730784.0,2020-03-25 00:28:56
2020-03-25 00:28:57,730170.0,730522.0,2020-03-25 00:28:57
2020-03-25 00:28:58,730170.0,730522.0,2020-03-25 00:28:58
2020-03-25 00:28:59,730170.0,730522.0,2020-03-25 00:28:59
2020-03-25 00:29:00,730170.0,730522.0,2020-03-25 00:29:00
2020-03-25 00:29:01,730170.0,730522.0,2020-03-25 00:29:01
2020-03-25 00:29:02,730170.0,730522.0,2020-03-25 00:29:02
2020-03-25 00:29:03,730170.0,730522.0,2020-03-25 00:29:03
2020-03-25 00:29:04,730170.0,730522.0,2020-03-25 00:29:04
2020-03-25 00:29:06,730170.0,730522.0,2020-03-25 00:29:05
2020-03-25 00:29:07,730000.0,730150.0,2020-03-25 00:29:07
2020-03-25 00:29:08,730000.0,730150.0,2020-03-25 00:29:08
2020-03-25 00:29:09,730000.0,730150.0,2020-03-25 00:29:09
2020-03-25 00:29:10,730000.0,730150.0,2020-03-25 00:29:10
2020-03-25 00:29:11,730000.0,730150.0,2020-03-25 00:29:11
2020-03-25 00:29:12,730000.0,730150.0,2020-03-25 00:29:12
2020-03-25 00:29:13,730000.0,730150.0,2020-03-25 00:29:13
2020-03-25 00:29:14,730000.0,730150.0,2020-03-25 00:29:14
2020-03-25 00:29:15,730000.0,730150.0,2020-03-25 00:29:15
2020-03-25 00:29:16,730000.0,730150.0,2020-03-25 00:29:16
2020-03-25 00:29:17,730000.0,730175.0,2020-03-25 00:29:17
2020-03-25 00:29:18,730000.0,730175.0,2020-03-25 00:29:18
2020-03-25 00:29:19,730000.0,730175.0,2020-03-25 00:29:19
2020-03-25 00:29:20,730000.0,730175.0,2020-03-25 00:29:20
2020-03-25 00:29:21,730000.0,730175.0,2020-03-25 00:29:21
2020-03-25 00:29:22,730000.0,730175.0,2020-03-25 00:29:22
2020-03-25 00:29:23,730000.0,730175.0,2020-03-25 00:29:23
2020-03-25 00:29:25,730000.0,730175.0,2020-03-25 00:29:24
2020-03-25 00:29:26,730000.0,730175.0,2020-03-25 00:29:26
2020-03-25 00:29:27,730000.0,730175.0,2020-03-25 00:29:27
2020-03-25 00:29:28,730090.0,730757.0,2020-03-25 00:29:28
2020-03-25 00:29:29,730090.0,730757.0,2020-03-25 00:29:29
2020-03-25 00:29:30,730090.0,730757.0,2020-03-25 00:29:30
2020-03-25 00:29:31,730090.0,730757.0,2020-03-25 00:29:31
2020-03-25 00:29:32,730090.0,730757.0,2020-03-25 00:29:32
2020-03-25 00:29:33,730090.0,730757.0,2020-03-25 00:29:33
2020-03-25 00:29:34,730090.0,730757.0,2020-03-25 00:29:34
2020-03-25 00:29:35,730090.0,730757.0,2020-03-25 00:29:35
2020-03-25 00:29:36,730294.0,730857.0,2020-03-25 00:29:36
2020-03-25 00:29:37,730294.0,730857.0,2020-03-25 00:29:37
2020-03-25 00:29:38,730294.0,730857.0,2020-03-25 00:29:38
2020-03-25 00:29:39,730294.0,730857.0,2020-03-25 00:29:39
2020-03-25 00:29:41,730294.0,730857.0,2020-03-25 00:29:40
2020-03-25 00:29:42,730294.0,730857.0,2020-03-25 00:29:42
2020-03-25 00:29:43,730294.0,730857.0,2020-03-25 00:29:43
2020-03-25 00:29:44,730294.0,730857.0,2020-03-25 00:29:44
2020-03-25 00:29:45,730294.0,730857.0,2020-03-25 00:29:45
2020-03-25 00:29:46,730000.0,730338.0,2020-03-25 00:29:46
2020-03-25 00:29:47,730000.0,730338.0,2020-03-25 00:29:47
2020-03-25 00:29:48,730000.0,730338.0,2020-03-25 00:29:48
2020-03-25 00:29:49,730000.0,730338.0,2020-03-25 00:29:49
2020-03-25 00:29:50,730000.0,730338.0,2020-03-25 00:29:50
2020-03-25 00:29:51,730000.0,730338.0,2020-03-25 00:29:51
2020-03-25 00:29:52,730000.0,730338.0,2020-03-25 00:29:52
2020-03-25 00:29:53,730000.0,730338.0,2020-03-25 00:29:53
2020-03-25 00:29:54,730000.0,730338.0,2020-03-25 00:29:54
2020-03-25 00:29:55,730000.0,730338.0,2020-03-25 00:29:55
2020-03-25 00:29:56,730000.0,730338.0,2020-03-25 00:29:56
2020-03-25 00:29:57,730421.0,730752.0,2020-03-25 00:29:57
2020-03-25 00:29:59,730421.0,730752.0,2020-03-25 00:29:58
2020-03-25 00:30:00,730421.0,730752.0,2020-03-25 00:30:00
2020-03-25 00:30:01,730421.0,730752.0,2020-03-25 00:30:01
2020-03-25 00:30:02,730421.0,730752.0,2020-03-25 00:30:02
2020-03-25 00:30:03,730421.0,730752.0,2020-03-25 00:30:03
2020-03-25 00:30:04,730421.0,730752.0,2020-03-25 00:30:04
2020-03-25 00:30:05,730421.0,730752.0,2020-03-25 00:30:05
2020-03-25 00:30:06,730421.0,730752.0,2020-03-25 00:30:06
2020-03-25 00:30:07,730005.0,730374.0,2020-03-25 00:30:07
2020-03-25 00:30:08,730005.0,730374.0,2020-03-25 00:30:08
2020-03-25 00:30:09,730005.0,730374.0,2020-03-25 00:30:09
2020-03-25 00:30:10,730005.0,730374.0,2020-03-25 00:30:10
2020-03-25 00:30:11,730005.0,730374.0,2020-03-25 00:30:11
2020-03-25 00:30:12,730005.0,730374.0,2020-03-25 00:30:12
2020-03-25 00:30:13,730005.0,730374.0,2020-03-25 00:30:13
2020-03-25 00:30:15,730005.0,730374.0,2020-03-25 00:30:14
2020-03-25 00:30:16,730005.0,730374.0,2020-03-25 00:30:16
2020-03-25 00:30:17,730005.0,730374.0,2020-03-25 00:30:17
2020-03-25 00:30:18,730005.0,730374.0,2020-03-25 00:30:18
2020-03-25 00:30:19,730078.0,730314.0,2020-03-25 00:30:19
2020-03-25 00:30:20,730078.0,730314.0,2020-03-25 00:30:20
2020-03-25 00:30:21,730078.0,730314.0,2020-03-25 00:30:21
2020-03-25 00:30:22,730078.0,730314.0,2020-03-25 00:30:22
2020-03-25 00:30:23,730078.0,730314.0,2020-03-25 00:30:23
2020-03-25 00:30:24,730078.0,730314.0,2020-03-25 00:30:24
2020-03-25 00:30:25,730078.0,730314.0,2020-03-25 00:30:25
2020-03-25 00:30:26,730078.0,730314.0,2020-03-25 00:30:26
2020-03-25 00:30:27,730078.0,730314.0,2020-03-25 00:30:27
2020-03-25 00:30:28,730078.0,730314.0,2020-03-25 00:30:28
2020-03-25 00:30:29,729742.0,730311.0,2020-03-25 00:30:29
2020-03-25 00:30:30,729742.0,730311.0,2020-03-25 00:30:30
2020-03-25 00:30:31,729742.0,730311.0,2020-03-25 00:30:31
2020-03-25 00:30:32,729742.0,730311.0,2020-03-25 00:30:32
2020-03-25 00:30:34,729742.0,730311.0,2020-03-25 00:30:33
2020-03-25 00:30:35,729742.0,730311.0,2020-03-25 00:30:35
2020-03-25 00:30:36,729742.0,730311.0,2020-03-25 00:30:36
2020-03-25 00:30:37,729742.0,730311.0,2020-03-25 00:30:37
2020-03-25 00:30:38,729755.0,730187.0,2020-03-25 00:30:38
2020-03-25 00:30:39,729755.0,730187.0,2020-03-25 00:30:39
2020-03-25 00:30:40,729755.0,730187.0,2020-03-25 00:30:40
2020-03-25 00:30:41,729755.0,730187.0,2020-03-25 00:30:41
2020-03-25 00:30:42,729755.0,730187.0,2020-03-25 00:30:42
2020-03-25 00:30:43,729755.0,730187.0,2020-03-25 00:30:43
2020-03-25 00:30:44,729755.0,730187.0,2020-03-25 00:30:44
2020-03-25 00:30:45,729755.0,730187.0,2020-03-25 00:30:45
2020-03-25 00:30:46,729755.0,730187.0,2020-03-25 00:30:46
2020-03-25 00:30:47,729755.0,730187.0,2020-03-25 00:30:47
2020-03-25 00:30:48,729755.0,730187.0,2020-03-25 00:30:48
2020-03-25 00:30:49,729755.0,730187.0,2020-03-25 00:30:49
2020-03-25 00:30:51,729050.0,729627.0,2020-03-25 00:30:50
2020-03-25 00:30:52,729050.0,729627.0,2020-03-25 00:30:52
2020-03-25 00:30:53,729050.0,729627.0,2020-03-25 00:30:53
2020-03-25 00:30:54,729050.0,729627.0,2020-03-25 00:30:54
2020-03-25 00:30:55,729050.0,729627.0,2020-03-25 00:30:55
2020-03-25 00:30:56,729050.0,729627.0,2020-03-25 00:30:56
2020-03-25 00:30:57,729050.0,729627.0,2020-03-25 00:30:57
2020-03-25 00:30:58,729074.0,729482.0,2020-03-25 00:30:58
2020-03-25 00:30:59,729074.0,729482.0,2020-03-25 00:30:59
2020-03-25 00:31:00,729074.0,729482.0,2020-03-25 00:31:00
2020-03-25 00:31:01,729074.0,729482.0,2020-03-25 00:31:01
2020-03-25 00:31:02,729074.0,729482.0,2020-03-25 00:31:02
2020-03-25 00:31:03,729074.0,729482.0,2020-03-25 00:31:03
2020-03-25 00:31:04,729074.0,729482.0,2020-03-25 00:31:04
2020-03-25 00:31:05,729074.0,729482.0,2020-03-25 00:31:05
2020-03-25 00:31:07,729031.0,729451.0,2020-03-25 00:31:06
2020-03-25 00:31:08,729031.0,729451.0,2020-03-25 00:31:08
2020-03-25 00:31:09,729031.0,729451.0,2020-03-25 00:31:09
2020-03-25 00:31:10,729031.0,729451.0,2020-03-25 00:31:10
2020-03-25 00:31:11,729031.0,729451.0,2020-03-25 00:31:11
2020-03-25 00:31:12,729031.0,729451.0,2020-03-25 00:31:12
2020-03-25 00:31:13,729031.0,729451.0,2020-03-25 00:31:13
2020-03-25 00:31:14,729031.0,729451.0,2020-03-25 00:31:14
2020-03-25 00:31:15,729031.0,729451.0,2020-03-25 00:31:15
2020-03-25 00:31:16,729031.0,729451.0,2020-03-25 00:31:16
2020-03-25 00:31:17,729031.0,729451.0,2020-03-25 00:31:17
2020-03-25 00:31:18,728643.0,729162.0,2020-03-25 00:31:18
2020-03-25 00:31:19,728643.0,729162.0,2020-03-25 00:31:19
2020-03-25 00:31:20,728643.0,729162.0,2020-03-25 00:31:20
2020-03-25 00:31:22,728643.0,729162.0,2020-03-25 00:31:21
2020-03-25 00:31:23,728643.0,729162.0,2020-03-25 00:31:23
2020-03-25 00:31:24,728643.0,729162.0,2020-03-25 00:31:24
2020-03-25 00:31:25,728643.0,729162.0,2020-03-25 00:31:25
2020-03-25 00:31:26,728978.0,729052.0,2020-03-25 00:31:26
2020-03-25 00:31:27,728978.0,729052.0,2020-03-25 00:31:27
2020-03-25 00:31:28,728978.0,729052.0,2020-03-25 00:31:28
2020-03-25 00:31:29,728978.0,729052.0,2020-03-25 00:31:29
2020-03-25 00:31:30,728978.0,729052.0,2020-03-25 00:31:30
2020-03-25 00:31:31,728978.0,729052.0,2020-03-25 00:31:31
2020-03-25 00:31:32,728978.0,729052.0,2020-03-25 00:31:32
2020-03-25 00:31:33,728978.0,729052.0,2020-03-25 00:31:33
2020-03-25 00:31:34,728978.0,729052.0,2020-03-25 00:31:34
2020-03-25 00:31:35,728978.0,729052.0,2020-03-25 00:31:35
2020-03-25 00:31:36,728978.0,729052.0,2020-03-25 00:31:36
2020-03-25 00:31:37,728935.0,729024.0,2020-03-25 00:31:37
2020-03-25 00:31:38,728935.0,729024.0,2020-03-25 00:31:38
2020-03-25 00:31:39,728935.0,729024.0,2020-03-25 00:31:39
2020-03-25 00:31:40,728935.0,729024.0,2020-03-25 00:31:40
2020-03-25 00:31:42,728935.0,729024.0,2020-03-25 00:31:41
2020-03-25 00:31:43,728935.0,729024.0,2020-03-25 00:31:43
2020-03-25 00:31:44,728935.0,729024.0,2020-03-25 00:31:44
2020-03-25 00:31:45,728935.0,729024.0,2020-03-25 00:31:45
2020-03-25 00:31:46,728235.0,728641.0,2020-03-25 00:31:46
2020-03-25 00:31:47,728235.0,728641.0,2020-03-25 00:31:47
2020-03-25 00:31:48,728235.0,728641.0,2020-03-25 00:31:48
2020-03-25 00:31:49,728235.0,728641.0,2020-03-25 00:31:49
2020-03-25 00:31:50,728235.0,728641.0,2020-03-25 00:31:50
2020-03-25 00:31:51,728235.0,728641.0,2020-03-25 00:31:51
2020-03-25 00:31:52,728235.0,728641.0,2020-03-25 00:31:52
2020-03-25 00:31:53,728235.0,728641.0,2020-03-25 00:31:53
2020-03-25 00:31:54,728235.0,728641.0,2020-03-25 00:31:54
2020-03-25 00:31:55,728235.0,728641.0,2020-03-25 00:31:55
2020-03-25 00:31:56,728235.0,728641.0,2020-03-25 00:31:56
2020-03-25 00:31:58,728235.0,728641.0,2020-03-25 00:31:57
2020-03-25 00:31:59,728475.0,729061.0,2020-03-25 00:31:59
2020-03-25 00:32:00,728475.0,729061.0,2020-03-25 00:32:00
2020-03-25 00:32:01,728475.0,729061.0,2020-03-25 00:32:01
2020-03-25 00:32:02,728475.0,729061.0,2020-03-25 00:32:02
2020-03-25 00:32:03,728475.0,729061.0,2020-03-25 00:32:03
2020-03-25 00:32:04,728475.0,729061.0,2020-03-25 00:32:04
2020-03-25 00:32:05,728604.0,729031.0,2020-03-25 00:32:05
2020-03-25 00:32:06,728604.0,729031.0,2020-03-25 00:32:06
2020-03-25 00:32:07,728604.0,729031.0,2020-03-25 00:32:07
2020-03-25 00:32:08,728604.0,729031.0,2020-03-25 00:32:08
2020-03-25 00:32:09,728604.0,729031.0,2020-03-25 00:32:09
2020-03-25 00:32:10,728604.0,729031.0,2020-03-25 00:32:10
2020-03-25 00:32:11,728604.0,729031.0,2020-03-25 00:32:11
2020-03-25 00:32:12,728604.0,729031.0,2020-03-25 00:32:12
2020-03-25 00:32:13,728604.0,729031.0,2020-03-25 00:32:13
2020-03-25 00:32:14,728604.0,729031.0,2020-03-25 00:32:14
2020-03-25 00:32:15,728681.0,729219.0,2020-03-25 00:32:15
2020-03-25 00:32:16,728681.0,729219.0,2020-03-25 00:32:16
2020-03-25 00:32:18,728681.0,729219.0,2020-03-25 00:32:17
2020-03-25 00:32:19,728681.0,729219.0,2020-03-25 00:32:19
2020-03-25 00:32:20,728681.0,729219.0,2020-03-25 00:32:20
2020-03-25 00:32:21,728681.0,729219.0,2020-03-25 00:32:21
2020-03-25 00:32:22,728681.0,729219.0,2020-03-25 00:32:22
2020-03-25 00:32:23,728681.0,729219.0,2020-03-25 00:32:23
2020-03-25 00:32:24,728681.0,729219.0,2020-03-25 00:32:24
2020-03-25 00:32:25,728681.0,729219.0,2020-03-25 00:32:25
2020-03-25 00:32:26,728681.0,729219.0,2020-03-25 00:32:26
2020-03-25 00:32:27,728691.0,728842.0,2020-03-25 00:32:27
2020-03-25 00:32:28,728691.0,728842.0,2020-03-25 00:32:28
2020-03-25 00:32:29,728691.0,728842.0,2020-03-25 00:32:29
2020-03-25 00:32:30,728691.0,728842.0,2020-03-25 00:32:30
2020-03-25 00:32:31,728691.0,728842.0,2020-03-25 00:32:31
2020-03-25 00:32:32,728691.0,728842.0,2020-03-25 00:32:32
2020-03-25 00:32:33,728691.0,728842.0,2020-03-25 00:32:33
2020-03-25 00:32:35,728691.0,728842.0,2020-03-25 00:32:34
2020-03-25 00:32:36,728001.0,728609.0,2020-03-25 00:32:36
2020-03-25 00:32:37,728001.0,728609.0,2020-03-25 00:32:37
2020-03-25 00:32:38,728001.0,728609.0,2020-03-25 00:32:38
2020-03-25 00:32:39,728001.0,728609.0,2020-03-25 00:32:39
2020-03-25 00:32:40,728001.0,728609.0,2020-03-25 00:32:40
2020-03-25 00:32:41,728001.0,728609.0,2020-03-25 00:32:41
2020-03-25 00:32:42,728001.0,728609.0,2020-03-25 00:32:42
2020-03-25 00:32:43,728001.0,728609.0,2020-03-25 00:32:43
2020-03-25 00:32:44,728001.0,728609.0,2020-03-25 00:32:44
2020-03-25 00:32:45,728071.0,728516.0,2020-03-25 00:32:45
2020-03-25 00:32:46,728071.0,728516.0,2020-03-25 00:32:46
2020-03-25 00:32:47,728071.0,728516.0,2020-03-25 00:32:47
2020-03-25 00:32:48,728071.0,728516.0,2020-03-25 00:32:48
2020-03-25 00:32:49,728071.0,728516.0,2020-03-25 00:32:49
2020-03-25 00:32:50,728071.0,728516.0,2020-03-25 00:32:50
2020-03-25 00:32:52,728071.0,728516.0,2020-03-25 00:32:51
2020-03-25 00:32:53,728071.0,728516.0,2020-03-25 00:32:53
2020-03-25 00:32:54,728071.0,728516.0,2020-03-25 00:32:54
2020-03-25 00:32:55,728071.0,728516.0,2020-03-25 00:32:55
2020-03-25 00:32:56,728071.0,728516.0,2020-03-25 00:32:56
2020-03-25 00:32:57,728266.0,729041.0,2020-03-25 00:32:57
2020-03-25 00:32:58,728266.0,729041.0,2020-03-25 00:32:58
2020-03-25 00:32:59,728266.0,729041.0,2020-03-25 00:32:59
2020-03-25 00:33:00,728266.0,729041.0,2020-03-25 00:33:00
2020-03-25 00:33:01,728266.0,729041.0,2020-03-25 00:33:01
2020-03-25 00:33:02,728266.0,729041.0,2020-03-25 00:33:02
2020-03-25 00:33:03,728266.0,729041.0,2020-03-25 00:33:03
2020-03-25 00:33:04,728266.0,729041.0,2020-03-25 00:33:04
2020-03-25 00:33:05,728555.0,728699.0,2020-03-25 00:33:05
2020-03-25 00:33:06,728555.0,728699.0,2020-03-25 00:33:06
2020-03-25 00:33:07,728555.0,728699.0,2020-03-25 00:33:07
2020-03-25 00:33:08,728555.0,728699.0,2020-03-25 00:33:08
2020-03-25 00:33:09,728555.0,728699.0,2020-03-25 00:33:09
2020-03-25 00:33:10,728555.0,728699.0,2020-03-25 00:33:10
2020-03-25 00:33:12,728555.0,728699.0,2020-03-25 00:33:11
2020-03-25 00:33:13,728555.0,728699.0,2020-03-25 00:33:13
2020-03-25 00:33:14,728555.0,728699.0,2020-03-25 00:33:14
2020-03-25 00:33:15,728555.0,728699.0,2020-03-25 00:33:15
2020-03-25 00:33:16,728613.0,729111.0,2020-03-25 00:33:16
2020-03-25 00:33:17,728613.0,729111.0,2020-03-25 00:33:17
2020-03-25 00:33:18,728613.0,729111.0,2020-03-25 00:33:18
2020-03-25 00:33:19,728613.0,729111.0,2020-03-25 00:33:19
2020-03-25 00:33:20,728613.0,729111.0,2020-03-25 00:33:20
2020-03-25 00:33:21,728613.0,729111.0,2020-03-25 00:33:21
2020-03-25 00:33:22,728613.0,729111.0,2020-03-25 00:33:22
2020-03-25 00:33:23,728613.0,729111.0,2020-03-25 00:33:23
2020-03-25 00:33:24,728613.0,729111.0,2020-03-25 00:33:24
2020-03-25 00:33:25,728607.0,728653.0,2020-03-25 00:33:25
2020-03-25 00:33:26,728607.0,728653.0,2020-03-25 00:33:26
2020-03-25 00:33:27,728607.0,728653.0,2020-03-25 00:33:27
2020-03-25 00:33:28,728607.0,728653.0,2020-03-25 00:33:28
2020-03-25 00:33:29,728607.0,728653.0,2020-03-25 00:33:29
2020-03-25 00:33:31,728607.0,728653.0,2020-03-25 00:33:30
2020-03-25 00:33:32,728607.0,728653.0,2020-03-25 00:33:32
2020-03-25 00:33:33,728607.0,728653.0,2020-03-25 00:33:33
2020-03-25 00:33:34,728607.0,728653.0,2020-03-25 00:33:34
2020-03-25 00:33:35,728091.0,728114.0,2020-03-25 00:33:35
2020-03-25 00:33:36,728091.0,728114.0,2020-03-25 00:33:36
2020-03-25 00:33:37,728091.0,728114.0,2020-03-25 00:33:37
2020-03-25 00:33:38,728091.0,728114.0,2020-03-25 00:33:38
2020-03-25 00:33:39,728091.0,728114.0,2020-03-25 00:33:39
2020-03-25 00:33:40,728091.0,728114.0,2020-03-25 00:33:40
2020-03-25 00:33:41,728091.0,728114.0,2020-03-25 00:33:41
2020-03-25 00:33:42,728091.0,728114.0,2020-03-25 00:33:42
2020-03-25 00:33:43,728091.0,728114.0,2020-03-25 00:33:43
2020-03-25 00:33:44,728091.0,728114.0,2020-03-25 00:33:44
2020-03-25 00:33:45,728091.0,728114.0,2020-03-25 00:33:45
2020-03-25 00:33:46,728091.0,728114.0,2020-03-25 00:33:46
2020-03-25 00:33:47,727448.0,728183.0,2020-03-25 00:33:47
2020-03-25 00:33:48,727448.0,728183.0,2020-03-25 00:33:48
2020-03-25 00:33:50,727448.0,728183.0,2020-03-25 00:33:49
2020-03-25 00:33:51,727448.0,728183.0,2020-03-25 00:33:51
2020-03-25 00:33:52,727448.0,728183.0,2020-03-25 00:33:52
2020-03-25 00:33:53,727448.0,728183.0,2020-03-25 00:33:53
2020-03-25 00:33:54,727448.0,728183.0,2020-03-25 00:33:54
2020-03-25 00:33:55,727448.0,728183.0,2020-03-25 00:33:55
2020-03-25 00:33:56,727980.0,728482.0,2020-03-25 00:33:56
2020-03-25 00:33:57,727980.0,728482.0,2020-03-25 00:33:57
2020-03-25 00:33:58,727980.0,728482.0,2020-03-25 00:33:58
2020-03-25 00:33:59,727980.0,728482.0,2020-03-25 00:33:59
2020-03-25 00:34:00,727980.0,728482.0,2020-03-25 00:34:00
2020-03-25 00:34:01,727980.0,728482.0,2020-03-25 00:34:01
2020-03-25 00:34:02,727980.0,728482.0,2020-03-25 00:34:02
2020-03-25 00:34:03,727980.0,728482.0,2020-03-25 00:34:03
2020-03-25 00:34:04,727980.0,728482.0,2020-03-25 00:34:04
2020-03-25 00:34:05,727980.0,728482.0,2020-03-25 00:34:05
2020-03-25 00:34:06,728087.0,729124.0,2020-03-25 00:34:06
2020-03-25 00:34:07,728087.0,729124.0,2020-03-25 00:34:07
2020-03-25 00:34:09,728087.0,729124.0,2020-03-25 00:34:08
2020-03-25 00:34:10,728087.0,729124.0,2020-03-25 00:34:10
2020-03-25 00:34:11,728087.0,729124.0,2020-03-25 00:34:11
2020-03-25 00:34:12,728087.0,729124.0,2020-03-25 00:34:12
2020-03-25 00:34:13,728087.0,729124.0,2020-03-25 00:34:13
2020-03-25 00:34:14,728087.0,729124.0,2020-03-25 00:34:14
2020-03-25 00:34:15,728087.0,729124.0,2020-03-25 00:34:15
2020-03-25 00:34:16,728087.0,729124.0,2020-03-25 00:34:16
2020-03-25 00:34:17,729772.0,730539.0,2020-03-25 00:34:17
2020-03-25 00:34:18,729772.0,730539.0,2020-03-25 00:34:18
2020-03-25 00:34:19,729772.0,730539.0,2020-03-25 00:34:19
2020-03-25 00:34:20,729772.0,730539.0,2020-03-25 00:34:20
2020-03-25 00:34:21,729772.0,730539.0,2020-03-25 00:34:21
2020-03-25 00:34:22,729772.0,730539.0,2020-03-25 00:34:22
2020-03-25 00:34:23,729772.0,730539.0,2020-03-25 00:34:23
2020-03-25 00:34:24,729772.0,730539.0,2020-03-25 00:34:24
2020-03-25 00:34:25,729772.0,730539.0,2020-03-25 00:34:25
2020-03-25 00:34:26,730182.0,730447.0,2020-03-25 00:34:26
2020-03-25 00:34:27,730182.0,730447.0,2020-03-25 00:34:27
2020-03-25 00:34:29,730182.0,730447.0,2020-03-25 00:34:28
2020-03-25 00:34:30,730182.0,730447.0,2020-03-25 00:34:30
2020-03-25 00:34:31,730182.0,730447.0,2020-03-25 00:34:31
2020-03-25 00:34:32,730182.0,730447.0,2020-03-25 00:34:32
2020-03-25 00:34:33,730182.0,730447.0,2020-03-25 00:34:33
2020-03-25 00:34:34,730182.0,730447.0,2020-03-25 00:34:34
2020-03-25 00:34:35,730182.0,730447.0,2020-03-25 00:34:35
2020-03-25 00:34:36,730182.0,730447.0,2020-03-25 00:34:36
2020-03-25 00:34:37,729781.0,730000.0,2020-03-25 00:34:37
2020-03-25 00:34:38,729781.0,730000.0,2020-03-25 00:34:38
2020-03-25 00:34:39,729781.0,730000.0,2020-03-25 00:34:39
2020-03-25 00:34:40,729781.0,730000.0,2020-03-25 00:34:40
2020-03-25 00:34:41,729781.0,730000.0,2020-03-25 00:34:41
2020-03-25 00:34:42,729781.0,730000.0,2020-03-25 00:34:42
2020-03-25 00:34:43,729781.0,730000.0,2020-03-25 00:34:43
2020-03-25 00:34:44,729781.0,730000.0,2020-03-25 00:34:44
2020-03-25 00:34:45,729781.0,730000.0,2020-03-25 00:34:45
2020-03-25 00:34:47,729850.0,729979.0,2020-03-25 00:34:46
2020-03-25 00:34:48,729850.0,729979.0,2020-03-25 00:34:48
2020-03-25 00:34:49,729850.0,729979.0,2020-03-25 00:34:49
2020-03-25 00:34:50,729850.0,729979.0,2020-03-25 00:34:50
2020-03-25 00:34:51,729850.0,729979.0,2020-03-25 00:34:51
2020-03-25 00:34:52,729850.0,729979.0,2020-03-25 00:34:52
2020-03-25 00:34:53,729850.0,729979.0,2020-03-25 00:34:53
2020-03-25 00:34:54,729850.0,729979.0,2020-03-25 00:34:54
2020-03-25 00:34:55,729850.0,729979.0,2020-03-25 00:34:55
2020-03-25 00:34:56,729850.0,729979.0,2020-03-25 00:34:56
2020-03-25 00:34:57,729693.0,729999.0,2020-03-25 00:34:57
2020-03-25 00:34:58,729693.0,729999.0,2020-03-25 00:34:58
2020-03-25 00:34:59,729693.0,729999.0,2020-03-25 00:34:59
2020-03-25 00:35:00,729693.0,729999.0,2020-03-25 00:35:00
2020-03-25 00:35:01,729693.0,729999.0,2020-03-25 00:35:01
2020-03-25 00:35:02,729693.0,729999.0,2020-03-25 00:35:02
2020-03-25 00:35:03,729693.0,729999.0,2020-03-25 00:35:03
2020-03-25 00:35:05,729693.0,729999.0,2020-03-25 00:35:04
2020-03-25 00:35:06,729693.0,729999.0,2020-03-25 00:35:06
2020-03-25 00:35:07,730339.0,730843.0,2020-03-25 00:35:07
2020-03-25 00:35:08,730339.0,730843.0,2020-03-25 00:35:08
2020-03-25 00:35:09,730339.0,730843.0,2020-03-25 00:35:09
2020-03-25 00:35:10,730339.0,730843.0,2020-03-25 00:35:10
2020-03-25 00:35:11,730339.0,730843.0,2020-03-25 00:35:11
2020-03-25 00:35:12,730339.0,730843.0,2020-03-25 00:35:12
2020-03-25 00:35:13,730339.0,730843.0,2020-03-25 00:35:13
2020-03-25 00:35:14,730339.0,730843.0,2020-03-25 00:35:14
2020-03-25 00:35:15,730339.0,730843.0,2020-03-25 00:35:15
2020-03-25 00:35:16,730339.0,730843.0,2020-03-25 00:35:16
2020-03-25 00:35:17,730339.0,730843.0,2020-03-25 00:35:17
2020-03-25 00:35:18,730339.0,730843.0,2020-03-25 00:35:18
2020-03-25 00:35:19,730994.0,731251.0,2020-03-25 00:35:19
2020-03-25 00:35:20,730994.0,731251.0,2020-03-25 00:35:20
2020-03-25 00:35:21,730994.0,731251.0,2020-03-25 00:35:21
2020-03-25 00:35:23,730994.0,731251.0,2020-03-25 00:35:22
2020-03-25 00:35:24,730994.0,731251.0,2020-03-25 00:35:24
2020-03-25 00:35:25,730994.0,731251.0,2020-03-25 00:35:25
2020-03-25 00:35:26,730994.0,731251.0,2020-03-25 00:35:26
2020-03-25 00:35:27,731003.0,731249.0,2020-03-25 00:35:27
2020-03-25 00:35:28,731003.0,731249.0,2020-03-25 00:35:28
2020-03-25 00:35:29,731003.0,731249.0,2020-03-25 00:35:29
2020-03-25 00:35:30,731003.0,731249.0,2020-03-25 00:35:30
2020-03-25 00:35:31,731003.0,731249.0,2020-03-25 00:35:31
2020-03-25 00:35:32,731003.0,731249.0,2020-03-25 00:35:32
2020-03-25 00:35:33,731003.0,731249.0,2020-03-25 00:35:33
2020-03-25 00:35:34,731003.0,731249.0,2020-03-25 00:35:34
2020-03-25 00:35:35,731003.0,731249.0,2020-03-25 00:35:35
2020-03-25 00:35:36,731003.0,731249.0,2020-03-25 00:35:36
2020-03-25 00:35:37,730554.0,731020.0,2020-03-25 00:35:37
2020-03-25 00:35:38,730554.0,731020.0,2020-03-25 00:35:38
2020-03-25 00:35:40,730554.0,731020.0,2020-03-25 00:35:39
2020-03-25 00:35:41,730554.0,731020.0,2020-03-25 00:35:41
2020-03-25 00:35:42,730554.0,731020.0,2020-03-25 00:35:42
2020-03-25 00:35:43,730554.0,731020.0,2020-03-25 00:35:43
2020-03-25 00:35:44,730554.0,731020.0,2020-03-25 00:35:44
2020-03-25 00:35:45,730554.0,731020.0,2020-03-25 00:35:45
2020-03-25 00:35:46,730554.0,731020.0,2020-03-25 00:35:46
2020-03-25 00:35:47,730376.0,731050.0,2020-03-25 00:35:47
2020-03-25 00:35:48,730376.0,731050.0,2020-03-25 00:35:48
2020-03-25 00:35:49,730376.0,731050.0,2020-03-25 00:35:49
2020-03-25 00:35:50,730376.0,731050.0,2020-03-25 00:35:50
2020-03-25 00:35:51,730376.0,731050.0,2020-03-25 00:35:51
2020-03-25 00:35:52,730376.0,731050.0,2020-03-25 00:35:52
2020-03-25 00:35:53,730376.0,731050.0,2020-03-25 00:35:53
2020-03-25 00:35:54,730376.0,731050.0,2020-03-25 00:35:54
2020-03-25 00:35:55,730376.0,731050.0,2020-03-25 00:35:55
2020-03-25 00:35:56,730376.0,731050.0,2020-03-25 00:35:56
2020-03-25 00:35:58,730376.0,731050.0,2020-03-25 00:35:57
2020-03-25 00:35:59,730837.0,731299.0,2020-03-25 00:35:59
2020-03-25 00:36:00,730837.0,731299.0,2020-03-25 00:36:00
2020-03-25 00:36:01,730837.0,731299.0,2020-03-25 00:36:01
2020-03-25 00:36:02,730837.0,731299.0,2020-03-25 00:36:02
2020-03-25 00:36:03,730837.0,731299.0,2020-03-25 00:36:03
2020-03-25 00:36:04,730837.0,731299.0,2020-03-25 00:36:04
2020-03-25 00:36:05,730837.0,731299.0,2020-03-25 00:36:05
2020-03-25 00:36:06,731300.0,731600.0,2020-03-25 00:36:06
2020-03-25 00:36:07,731300.0,731600.0,2020-03-25 00:36:07
2020-03-25 00:36:08,731300.0,731600.0,2020-03-25 00:36:08
2020-03-25 00:36:09,731300.0,731600.0,2020-03-25 00:36:09
2020-03-25 00:36:10,731300.0,731600.0,2020-03-25 00:36:10
2020-03-25 00:36:11,731300.0,731600.0,2020-03-25 00:36:11
2020-03-25 00:36:12,731300.0,731600.0,2020-03-25 00:36:12
2020-03-25 00:36:14,731300.0,731600.0,2020-03-25 00:36:13
2020-03-25 00:36:15,731300.0,731600.0,2020-03-25 00:36:15
2020-03-25 00:36:16,731300.0,731600.0,2020-03-25 00:36:16
2020-03-25 00:36:17,731300.0,731600.0,2020-03-25 00:36:17
2020-03-25 00:36:18,730916.0,731133.0,2020-03-25 00:36:18
2020-03-25 00:36:19,730916.0,731133.0,2020-03-25 00:36:19
2020-03-25 00:36:20,730916.0,731133.0,2020-03-25 00:36:20
2020-03-25 00:36:21,730916.0,731133.0,2020-03-25 00:36:21
2020-03-25 00:36:22,730916.0,731133.0,2020-03-25 00:36:22
2020-03-25 00:36:23,730916.0,731133.0,2020-03-25 00:36:23
2020-03-25 00:36:24,730916.0,731133.0,2020-03-25 00:36:24
2020-03-25 00:36:25,730916.0,731133.0,2020-03-25 00:36:25
2020-03-25 00:36:26,730916.0,731133.0,2020-03-25 00:36:26
2020-03-25 00:36:27,730886.0,731410.0,2020-03-25 00:36:27
2020-03-25 00:36:28,730886.0,731410.0,2020-03-25 00:36:28
2020-03-25 00:36:29,730886.0,731410.0,2020-03-25 00:36:29
2020-03-25 00:36:31,730886.0,731410.0,2020-03-25 00:36:30
2020-03-25 00:36:32,730886.0,731410.0,2020-03-25 00:36:32
2020-03-25 00:36:33,730886.0,731410.0,2020-03-25 00:36:33
2020-03-25 00:36:34,730886.0,731410.0,2020-03-25 00:36:34
2020-03-25 00:36:35,730886.0,731410.0,2020-03-25 00:36:35
2020-03-25 00:36:36,730886.0,731410.0,2020-03-25 00:36:36
2020-03-25 00:36:37,730886.0,731410.0,2020-03-25 00:36:37
2020-03-25 00:36:38,730799.0,731373.0,2020-03-25 00:36:38
2020-03-25 00:36:39,730799.0,731373.0,2020-03-25 00:36:39
2020-03-25 00:36:40,730799.0,731373.0,2020-03-25 00:36:40
2020-03-25 00:36:41,730799.0,731373.0,2020-03-25 00:36:41
2020-03-25 00:36:42,730799.0,731373.0,2020-03-25 00:36:42
2020-03-25 00:36:43,730799.0,731373.0,2020-03-25 00:36:43
2020-03-25 00:36:44,730799.0,731373.0,2020-03-25 00:36:44
2020-03-25 00:36:45,730799.0,731373.0,2020-03-25 00:36:45
2020-03-25 00:36:46,730727.0,731187.0,2020-03-25 00:36:46
2020-03-25 00:36:48,730727.0,731187.0,2020-03-25 00:36:47
2020-03-25 00:36:49,730727.0,731187.0,2020-03-25 00:36:49
2020-03-25 00:36:50,730727.0,731187.0,2020-03-25 00:36:50
2020-03-25 00:36:51,730727.0,731187.0,2020-03-25 00:36:51
2020-03-25 00:36:52,730727.0,731187.0,2020-03-25 00:36:52
2020-03-25 00:36:53,730727.0,731187.0,2020-03-25 00:36:53
2020-03-25 00:36:54,730727.0,731187.0,2020-03-25 00:36:54
2020-03-25 00:36:55,730727.0,731187.0,2020-03-25 00:36:55
2020-03-25 00:36:56,730727.0,731187.0,2020-03-25 00:36:56
2020-03-25 00:36:57,729883.0,730276.0,2020-03-25 00:36:57
2020-03-25 00:36:58,729883.0,730276.0,2020-03-25 00:36:58
2020-03-25 00:36:59,729883.0,730276.0,2020-03-25 00:36:59
2020-03-25 00:37:00,729883.0,730276.0,2020-03-25 00:37:00
2020-03-25 00:37:01,729883.0,730276.0,2020-03-25 00:37:01
2020-03-25 00:37:02,729883.0,730276.0,2020-03-25 00:37:02
2020-03-25 00:37:03,729883.0,730276.0,2020-03-25 00:37:03
2020-03-25 00:37:05,729883.0,730276.0,2020-03-25 00:37:04
2020-03-25 00:37:06,729913.0,730624.0,2020-03-25 00:37:06
2020-03-25 00:37:07,729913.0,730624.0,2020-03-25 00:37:07
2020-03-25 00:37:08,729913.0,730624.0,2020-03-25 00:37:08
2020-03-25 00:37:09,729913.0,730624.0,2020-03-25 00:37:09
2020-03-25 00:37:10,729913.0,730624.0,2020-03-25 00:37:10
2020-03-25 00:37:11,729913.0,730624.0,2020-03-25 00:37:11
2020-03-25 00:37:12,729913.0,730624.0,2020-03-25 00:37:12
2020-03-25 00:37:13,729913.0,730624.0,2020-03-25 00:37:13
2020-03-25 00:37:14,729913.0,730624.0,2020-03-25 00:37:14
2020-03-25 00:37:15,729913.0,730624.0,2020-03-25 00:37:15
2020-03-25 00:37:16,729913.0,730624.0,2020-03-25 00:37:16
2020-03-25 00:37:17,729990.0,730729.0,2020-03-25 00:37:17
2020-03-25 00:37:18,729990.0,730729.0,2020-03-25 00:37:18
2020-03-25 00:37:20,729990.0,730729.0,2020-03-25 00:37:19
2020-03-25 00:37:21,729990.0,730729.0,2020-03-25 00:37:21
2020-03-25 00:37:22,729990.0,730729.0,2020-03-25 00:37:22
2020-03-25 00:37:23,729990.0,730729.0,2020-03-25 00:37:23
2020-03-25 00:37:24,729990.0,730729.0,2020-03-25 00:37:24
2020-03-25 00:37:25,729990.0,730729.0,2020-03-25 00:37:25
2020-03-25 00:37:26,730112.0,730711.0,2020-03-25 00:37:26
2020-03-25 00:37:27,730112.0,730711.0,2020-03-25 00:37:27
2020-03-25 00:37:28,730112.0,730711.0,2020-03-25 00:37:28
2020-03-25 00:37:29,730112.0,730711.0,2020-03-25 00:37:29
2020-03-25 00:37:30,730112.0,730711.0,2020-03-25 00:37:30
2020-03-25 00:37:31,730112.0,730711.0,2020-03-25 00:37:31
2020-03-25 00:37:32,730112.0,730711.0,2020-03-25 00:37:32
2020-03-25 00:37:33,730112.0,730711.0,2020-03-25 00:37:33
2020-03-25 00:37:34,730112.0,730711.0,2020-03-25 00:37:34
2020-03-25 00:37:35,730112.0,730711.0,2020-03-25 00:37:35
2020-03-25 00:37:37,730112.0,730711.0,2020-03-25 00:37:36
2020-03-25 00:37:38,730409.0,731071.0,2020-03-25 00:37:38
2020-03-25 00:37:39,730409.0,731071.0,2020-03-25 00:37:39
2020-03-25 00:37:40,730409.0,731071.0,2020-03-25 00:37:40
2020-03-25 00:37:41,730409.0,731071.0,2020-03-25 00:37:41
2020-03-25 00:37:42,730409.0,731071.0,2020-03-25 00:37:42
2020-03-25 00:37:43,730409.0,731071.0,2020-03-25 00:37:43
2020-03-25 00:37:44,730409.0,731071.0,2020-03-25 00:37:44
2020-03-25 00:37:45,730409.0,731071.0,2020-03-25 00:37:45
2020-03-25 00:37:46,730448.0,731043.0,2020-03-25 00:37:46
2020-03-25 00:37:47,730448.0,731043.0,2020-03-25 00:37:47
2020-03-25 00:37:48,730448.0,731043.0,2020-03-25 00:37:48
2020-03-25 00:37:49,730448.0,731043.0,2020-03-25 00:37:49
2020-03-25 00:37:50,730448.0,731043.0,2020-03-25 00:37:50
2020-03-25 00:37:51,730448.0,731043.0,2020-03-25 00:37:51
2020-03-25 00:37:52,730448.0,731043.0,2020-03-25 00:37:52
2020-03-25 00:37:53,730448.0,731043.0,2020-03-25 00:37:53
2020-03-25 00:37:54,730448.0,731043.0,2020-03-25 00:37:54
2020-03-25 00:37:55,730448.0,731043.0,2020-03-25 00:37:55
2020-03-25 00:37:57,730770.0,731198.0,2020-03-25 00:37:56
2020-03-25 00:37:58,730770.0,731198.0,2020-03-25 00:37:58
2020-03-25 00:37:59,730770.0,731198.0,2020-03-25 00:37:59
2020-03-25 00:38:00,730770.0,731198.0,2020-03-25 00:38:00
2020-03-25 00:38:01,730770.0,731198.0,2020-03-25 00:38:01
2020-03-25 00:38:02,730770.0,731198.0,2020-03-25 00:38:02
2020-03-25 00:38:03,730770.0,731198.0,2020-03-25 00:38:03
2020-03-25 00:38:04,730770.0,731198.0,2020-03-25 00:38:04
2020-03-25 00:38:05,731999.0,732379.0,2020-03-25 00:38:05
2020-03-25 00:38:06,731999.0,732379.0,2020-03-25 00:38:06
2020-03-25 00:38:07,731999.0,732379.0,2020-03-25 00:38:07
2020-03-25 00:38:08,731999.0,732379.0,2020-03-25 00:38:08
2020-03-25 00:38:09,731999.0,732379.0,2020-03-25 00:38:09
2020-03-25 00:38:11,731999.0,732379.0,2020-03-25 00:38:10
2020-03-25 00:38:12,731999.0,732379.0,2020-03-25 00:38:12
2020-03-25 00:38:13,731999.0,732379.0,2020-03-25 00:38:13
2020-03-25 00:38:14,731999.0,732379.0,2020-03-25 00:38:14
2020-03-25 00:38:15,731438.0,731583.0,2020-03-25 00:38:15
2020-03-25 00:38:16,731438.0,731583.0,2020-03-25 00:38:16
2020-03-25 00:38:17,731438.0,731583.0,2020-03-25 00:38:17
2020-03-25 00:38:18,731438.0,731583.0,2020-03-25 00:38:18
2020-03-25 00:38:19,731438.0,731583.0,2020-03-25 00:38:19
2020-03-25 00:38:20,731438.0,731583.0,2020-03-25 00:38:20
2020-03-25 00:38:21,731438.0,731583.0,2020-03-25 00:38:21
2020-03-25 00:38:22,731438.0,731583.0,2020-03-25 00:38:22
2020-03-25 00:38:23,731438.0,731583.0,2020-03-25 00:38:23
2020-03-25 00:38:24,731438.0,731583.0,2020-03-25 00:38:24
2020-03-25 00:38:25,731438.0,731583.0,2020-03-25 00:38:25
2020-03-25 00:38:26,731438.0,731583.0,2020-03-25 00:38:26
2020-03-25 00:38:27,730811.0,731097.0,2020-03-25 00:38:27
2020-03-25 00:38:28,730811.0,731097.0,2020-03-25 00:38:28
2020-03-25 00:38:30,730811.0,731097.0,2020-03-25 00:38:30
2020-03-25 00:38:31,730811.0,731097.0,2020-03-25 00:38:31
2020-03-25 00:38:32,730811.0,731097.0,2020-03-25 00:38:32
2020-03-25 00:38:33,730811.0,731097.0,2020-03-25 00:38:33
2020-03-25 00:38:34,730811.0,731097.0,2020-03-25 00:38:34
2020-03-25 00:38:35,730811.0,731097.0,2020-03-25 00:38:35
2020-03-25 00:38:36,731341.0,731371.0,2020-03-25 00:38:36
2020-03-25 00:38:37,731341.0,731371.0,2020-03-25 00:38:37
2020-03-25 00:38:38,731341.0,731371.0,2020-03-25 00:38:38
2020-03-25 00:38:39,731341.0,731371.0,2020-03-25 00:38:39
2020-03-25 00:38:40,731341.0,731371.0,2020-03-25 00:38:40
2020-03-25 00:38:41,731341.0,731371.0,2020-03-25 00:38:41
2020-03-25 00:38:42,731341.0,731371.0,2020-03-25 00:38:42
2020-03-25 00:38:44,731341.0,731371.0,2020-03-25 00:38:43
2020-03-25 00:38:45,731341.0,731371.0,2020-03-25 00:38:45
2020-03-25 00:38:46,731271.0,731289.0,2020-03-25 00:38:46
2020-03-25 00:38:47,731271.0,731289.0,2020-03-25 00:38:47
2020-03-25 00:38:48,731271.0,731289.0,2020-03-25 00:38:48
2020-03-25 00:38:49,731271.0,731289.0,2020-03-25 00:38:49
2020-03-25 00:38:50,731271.0,731289.0,2020-03-25 00:38:50
2020-03-25 00:38:51,731271.0,731289.0,2020-03-25 00:38:51
2020-03-25 00:38:52,731271.0,731289.0,2020-03-25 00:38:52
2020-03-25 00:38:53,731271.0,731289.0,2020-03-25 00:38:53
2020-03-25 00:38:54,731271.0,731289.0,2020-03-25 00:38:54
2020-03-25 00:38:55,731271.0,731289.0,2020-03-25 00:38:55
2020-03-25 00:38:56,731271.0,731289.0,2020-03-25 00:38:56
2020-03-25 00:38:57,730986.0,731153.0,2020-03-25 00:38:57
2020-03-25 00:38:58,730986.0,731153.0,2020-03-25 00:38:58
2020-03-25 00:38:59,730986.0,731153.0,2020-03-25 00:38:59
2020-03-25 00:39:00,730986.0,731153.0,2020-03-25 00:39:00
2020-03-25 00:39:01,730986.0,731153.0,2020-03-25 00:39:01
2020-03-25 00:39:03,730986.0,731153.0,2020-03-25 00:39:02
2020-03-25 00:39:04,730986.0,731153.0,2020-03-25 00:39:04
2020-03-25 00:39:05,730953.0,731613.0,2020-03-25 00:39:05
2020-03-25 00:39:06,730953.0,731613.0,2020-03-25 00:39:06
2020-03-25 00:39:07,730953.0,731613.0,2020-03-25 00:39:07
2020-03-25 00:39:08,730953.0,731613.0,2020-03-25 00:39:08
2020-03-25 00:39:09,730953.0,731613.0,2020-03-25 00:39:09
2020-03-25 00:39:10,730953.0,731613.0,2020-03-25 00:39:10
2020-03-25 00:39:11,730953.0,731613.0,2020-03-25 00:39:11
2020-03-25 00:39:12,730953.0,731613.0,2020-03-25 00:39:12
2020-03-25 00:39:13,730953.0,731613.0,2020-03-25 00:39:13
2020-03-25 00:39:14,731977.0,732197.0,2020-03-25 00:39:14
2020-03-25 00:39:15,731977.0,732197.0,2020-03-25 00:39:15
2020-03-25 00:39:16,731977.0,732197.0,2020-03-25 00:39:16
2020-03-25 00:39:17,731977.0,732197.0,2020-03-25 00:39:17
2020-03-25 00:39:19,731977.0,732197.0,2020-03-25 00:39:18
2020-03-25 00:39:20,731977.0,732197.0,2020-03-25 00:39:20
2020-03-25 00:39:21,731977.0,732197.0,2020-03-25 00:39:21
2020-03-25 00:39:22,731977.0,732197.0,2020-03-25 00:39:22
2020-03-25 00:39:23,731977.0,732197.0,2020-03-25 00:39:23
2020-03-25 00:39:24,731977.0,732197.0,2020-03-25 00:39:24
2020-03-25 00:39:25,731977.0,732197.0,2020-03-25 00:39:25
2020-03-25 00:39:26,731977.0,732197.0,2020-03-25 00:39:26
2020-03-25 00:39:27,731836.0,732152.0,2020-03-25 00:39:27
2020-03-25 00:39:28,731836.0,732152.0,2020-03-25 00:39:28
2020-03-25 00:39:29,731836.0,732152.0,2020-03-25 00:39:29
2020-03-25 00:39:30,731836.0,732152.0,2020-03-25 00:39:30
2020-03-25 00:39:31,731836.0,732152.0,2020-03-25 00:39:31
2020-03-25 00:39:32,731836.0,732152.0,2020-03-25 00:39:32
2020-03-25 00:39:33,731836.0,732152.0,2020-03-25 00:39:33
2020-03-25 00:39:34,731836.0,732152.0,2020-03-25 00:39:34
2020-03-25 00:39:35,731416.0,732026.0,2020-03-25 00:39:35
2020-03-25 00:39:37,731416.0,732026.0,2020-03-25 00:39:36
2020-03-25 00:39:38,731416.0,732026.0,2020-03-25 00:39:38
2020-03-25 00:39:39,731416.0,732026.0,2020-03-25 00:39:39
2020-03-25 00:39:40,731416.0,732026.0,2020-03-25 00:39:40
2020-03-25 00:39:41,731416.0,732026.0,2020-03-25 00:39:41
2020-03-25 00:39:42,731416.0,732026.0,2020-03-25 00:39:42
2020-03-25 00:39:43,731416.0,732026.0,2020-03-25 00:39:43
2020-03-25 00:39:44,731416.0,732026.0,2020-03-25 00:39:44
2020-03-25 00:39:45,731416.0,732026.0,2020-03-25 00:39:45
2020-03-25 00:39:46,731416.0,732026.0,2020-03-25 00:39:46
2020-03-25 00:39:47,731369.0,731370.0,2020-03-25 00:39:47
2020-03-25 00:39:48,731369.0,731370.0,2020-03-25 00:39:48
2020-03-25 00:39:49,731369.0,731370.0,2020-03-25 00:39:49
2020-03-25 00:39:50,731369.0,731370.0,2020-03-25 00:39:50
2020-03-25 00:39:51,731369.0,731370.0,2020-03-25 00:39:51
2020-03-25 00:39:52,731369.0,731370.0,2020-03-25 00:39:52
2020-03-25 00:39:54,731369.0,731370.0,2020-03-25 00:39:53
2020-03-25 00:39:55,731413.0,731837.0,2020-03-25 00:39:55
2020-03-25 00:39:56,731413.0,731837.0,2020-03-25 00:39:56
2020-03-25 00:39:57,731413.0,731837.0,2020-03-25 00:39:57
2020-03-25 00:39:58,731413.0,731837.0,2020-03-25 00:39:58
2020-03-25 00:39:59,731413.0,731837.0,2020-03-25 00:39:59
2020-03-25 00:40:00,731413.0,731837.0,2020-03-25 00:40:00
2020-03-25 00:40:01,731413.0,731837.0,2020-03-25 00:40:01
2020-03-25 00:40:02,731413.0,731837.0,2020-03-25 00:40:02
2020-03-25 00:40:03,731413.0,731837.0,2020-03-25 00:40:03
2020-03-25 00:40:04,731413.0,731837.0,2020-03-25 00:40:04
2020-03-25 00:40:05,731413.0,731837.0,2020-03-25 00:40:05
2020-03-25 00:40:06,731413.0,731837.0,2020-03-25 00:40:06
2020-03-25 00:40:07,732139.0,732340.0,2020-03-25 00:40:07
2020-03-25 00:40:08,732139.0,732340.0,2020-03-25 00:40:08
2020-03-25 00:40:09,732139.0,732340.0,2020-03-25 00:40:09
2020-03-25 00:40:11,732139.0,732340.0,2020-03-25 00:40:10
2020-03-25 00:40:12,732139.0,732340.0,2020-03-25 00:40:12
2020-03-25 00:40:13,732139.0,732340.0,2020-03-25 00:40:13
2020-03-25 00:40:14,732139.0,732340.0,2020-03-25 00:40:14
2020-03-25 00:40:15,732139.0,732340.0,2020-03-25 00:40:15
2020-03-25 00:40:16,732139.0,732340.0,2020-03-25 00:40:16
2020-03-25 00:40:17,732139.0,732340.0,2020-03-25 00:40:17
2020-03-25 00:40:18,732139.0,732340.0,2020-03-25 00:40:18
2020-03-25 00:40:19,732139.0,732340.0,2020-03-25 00:40:19
2020-03-25 00:40:20,732465.0,732786.0,2020-03-25 00:40:20
2020-03-25 00:40:21,732465.0,732786.0,2020-03-25 00:40:21
2020-03-25 00:40:22,732465.0,732786.0,2020-03-25 00:40:22
2020-03-25 00:40:23,732465.0,732786.0,2020-03-25 00:40:23
2020-03-25 00:40:24,732465.0,732786.0,2020-03-25 00:40:24
2020-03-25 00:40:25,732465.0,732786.0,2020-03-25 00:40:25
2020-03-25 00:40:26,732465.0,732786.0,2020-03-25 00:40:26
2020-03-25 00:40:28,732465.0,732786.0,2020-03-25 00:40:27
2020-03-25 00:40:29,732106.0,732422.0,2020-03-25 00:40:29
2020-03-25 00:40:30,732106.0,732422.0,2020-03-25 00:40:30
2020-03-25 00:40:31,732106.0,732422.0,2020-03-25 00:40:31
2020-03-25 00:40:32,732106.0,732422.0,2020-03-25 00:40:32
2020-03-25 00:40:33,732106.0,732422.0,2020-03-25 00:40:33
2020-03-25 00:40:34,732106.0,732422.0,2020-03-25 00:40:34
2020-03-25 00:40:35,732106.0,732422.0,2020-03-25 00:40:35
2020-03-25 00:40:36,732106.0,732422.0,2020-03-25 00:40:36
2020-03-25 00:40:37,732108.0,732407.0,2020-03-25 00:40:37
2020-03-25 00:40:38,732108.0,732407.0,2020-03-25 00:40:38
2020-03-25 00:40:39,732108.0,732407.0,2020-03-25 00:40:39
2020-03-25 00:40:40,732108.0,732407.0,2020-03-25 00:40:40
2020-03-25 00:40:41,732108.0,732407.0,2020-03-25 00:40:41
2020-03-25 00:40:42,732108.0,732407.0,2020-03-25 00:40:42
2020-03-25 00:40:43,732108.0,732407.0,2020-03-25 00:40:43
2020-03-25 00:40:44,732108.0,732407.0,2020-03-25 00:40:44
2020-03-25 00:40:46,732108.0,732407.0,2020-03-25 00:40:46
2020-03-25 00:40:47,732108.0,732407.0,2020-03-25 00:40:47
2020-03-25 00:40:48,732108.0,732407.0,2020-03-25 00:40:48
2020-03-25 00:40:49,732108.0,732407.0,2020-03-25 00:40:49
2020-03-25 00:40:50,732103.0,732185.0,2020-03-25 00:40:50
2020-03-25 00:40:51,732103.0,732185.0,2020-03-25 00:40:51
2020-03-25 00:40:52,732103.0,732185.0,2020-03-25 00:40:52
2020-03-25 00:40:53,732103.0,732185.0,2020-03-25 00:40:53
2020-03-25 00:40:54,732103.0,732185.0,2020-03-25 00:40:54
2020-03-25 00:40:55,732103.0,732185.0,2020-03-25 00:40:55
2020-03-25 00:40:56,732103.0,732185.0,2020-03-25 00:40:56
2020-03-25 00:40:57,731240.0,731748.0,2020-03-25 00:40:57
2020-03-25 00:40:58,731240.0,731748.0,2020-03-25 00:40:58
2020-03-25 00:40:59,731240.0,731748.0,2020-03-25 00:40:59
2020-03-25 00:41:00,731240.0,731748.0,2020-03-25 00:41:00
2020-03-25 00:41:02,731240.0,731748.0,2020-03-25 00:41:01
2020-03-25 00:41:03,731240.0,731748.0,2020-03-25 00:41:03
2020-03-25 00:41:04,731240.0,731748.0,2020-03-25 00:41:04
2020-03-25 00:41:05,731240.0,731748.0,2020-03-25 00:41:05
2020-03-25 00:41:06,731748.0,732501.0,2020-03-25 00:41:06
2020-03-25 00:41:07,731748.0,732501.0,2020-03-25 00:41:07
2020-03-25 00:41:08,731748.0,732501.0,2020-03-25 00:41:08
2020-03-25 00:41:09,731748.0,732501.0,2020-03-25 00:41:09
2020-03-25 00:41:10,731748.0,732501.0,2020-03-25 00:41:10
2020-03-25 00:41:11,731748.0,732501.0,2020-03-25 00:41:11
2020-03-25 00:41:12,731748.0,732501.0,2020-03-25 00:41:12
2020-03-25 00:41:13,731748.0,732501.0,2020-03-25 00:41:13
2020-03-25 00:41:15,731748.0,732501.0,2020-03-25 00:41:14
2020-03-25 00:41:16,731748.0,732501.0,2020-03-25 00:41:16
2020-03-25 00:41:17,731748.0,732501.0,2020-03-25 00:41:17
2020-03-25 00:41:18,732475.0,732773.0,2020-03-25 00:41:18
2020-03-25 00:41:19,732475.0,732773.0,2020-03-25 00:41:19
2020-03-25 00:41:20,732475.0,732773.0,2020-03-25 00:41:20
2020-03-25 00:41:21,732475.0,732773.0,2020-03-25 00:41:21
2020-03-25 00:41:22,732475.0,732773.0,2020-03-25 00:41:22
2020-03-25 00:41:23,732475.0,732773.0,2020-03-25 00:41:23
2020-03-25 00:41:24,732475.0,732773.0,2020-03-25 00:41:24
2020-03-25 00:41:25,732475.0,732773.0,2020-03-25 00:41:25
2020-03-25 00:41:26,732475.0,732773.0,2020-03-25 00:41:26
2020-03-25 00:41:27,732343.0,732478.0,2020-03-25 00:41:27
2020-03-25 00:41:28,732343.0,732478.0,2020-03-25 00:41:28
2020-03-25 00:41:29,732343.0,732478.0,2020-03-25 00:41:29
2020-03-25 00:41:30,732343.0,732478.0,2020-03-25 00:41:30
2020-03-25 00:41:31,732343.0,732478.0,2020-03-25 00:41:31
2020-03-25 00:41:33,732343.0,732478.0,2020-03-25 00:41:32
2020-03-25 00:41:34,732343.0,732478.0,2020-03-25 00:41:34
2020-03-25 00:41:35,732343.0,732478.0,2020-03-25 00:41:35
2020-03-25 00:41:36,732365.0,732606.0,2020-03-25 00:41:36
2020-03-25 00:41:37,732365.0,732606.0,2020-03-25 00:41:37
2020-03-25 00:41:38,732365.0,732606.0,2020-03-25 00:41:38
2020-03-25 00:41:39,732365.0,732606.0,2020-03-25 00:41:39
2020-03-25 00:41:40,732365.0,732606.0,2020-03-25 00:41:40
2020-03-25 00:41:41,732365.0,732606.0,2020-03-25 00:41:41
2020-03-25 00:41:42,732365.0,732606.0,2020-03-25 00:41:42
2020-03-25 00:41:43,732365.0,732606.0,2020-03-25 00:41:43
2020-03-25 00:41:44,732365.0,732606.0,2020-03-25 00:41:44
2020-03-25 00:41:45,732365.0,732606.0,2020-03-25 00:41:45
2020-03-25 00:41:46,732365.0,732606.0,2020-03-25 00:41:46
2020-03-25 00:41:47,732764.0,732794.0,2020-03-25 00:41:47
2020-03-25 00:41:48,732764.0,732794.0,2020-03-25 00:41:48
2020-03-25 00:41:50,732764.0,732794.0,2020-03-25 00:41:50
2020-03-25 00:41:51,732764.0,732794.0,2020-03-25 00:41:51
2020-03-25 00:41:52,732764.0,732794.0,2020-03-25 00:41:52
2020-03-25 00:41:53,732764.0,732794.0,2020-03-25 00:41:53
2020-03-25 00:41:54,732764.0,732794.0,2020-03-25 00:41:54
2020-03-25 00:41:55,732764.0,732794.0,2020-03-25 00:41:55
2020-03-25 00:41:56,732192.0,732396.0,2020-03-25 00:41:56
2020-03-25 00:41:57,732192.0,732396.0,2020-03-25 00:41:57
2020-03-25 00:41:58,732192.0,732396.0,2020-03-25 00:41:58
2020-03-25 00:41:59,732192.0,732396.0,2020-03-25 00:41:59
2020-03-25 00:42:00,732192.0,732396.0,2020-03-25 00:42:00
2020-03-25 00:42:01,732192.0,732396.0,2020-03-25 00:42:01
2020-03-25 00:42:02,732192.0,732396.0,2020-03-25 00:42:02
2020-03-25 00:42:03,732192.0,732396.0,2020-03-25 00:42:03
2020-03-25 00:42:05,732192.0,732396.0,2020-03-25 00:42:04
2020-03-25 00:42:06,732213.0,732399.0,2020-03-25 00:42:06
2020-03-25 00:42:07,732213.0,732399.0,2020-03-25 00:42:07
2020-03-25 00:42:08,732213.0,732399.0,2020-03-25 00:42:08
2020-03-25 00:42:09,732213.0,732399.0,2020-03-25 00:42:09
2020-03-25 00:42:10,732213.0,732399.0,2020-03-25 00:42:10
2020-03-25 00:42:11,732213.0,732399.0,2020-03-25 00:42:11
2020-03-25 00:42:12,732213.0,732399.0,2020-03-25 00:42:12
2020-03-25 00:42:13,732213.0,732399.0,2020-03-25 00:42:13
2020-03-25 00:42:14,732213.0,732399.0,2020-03-25 00:42:14
2020-03-25 00:42:15,732213.0,732399.0,2020-03-25 00:42:15
2020-03-25 00:42:16,732213.0,732399.0,2020-03-25 00:42:16
2020-03-25 00:42:17,732006.0,732331.0,2020-03-25 00:42:17
2020-03-25 00:42:18,732006.0,732331.0,2020-03-25 00:42:18
2020-03-25 00:42:19,732006.0,732331.0,2020-03-25 00:42:19
2020-03-25 00:42:20,732006.0,732331.0,2020-03-25 00:42:20
2020-03-25 00:42:21,732006.0,732331.0,2020-03-25 00:42:21
2020-03-25 00:42:23,732006.0,732331.0,2020-03-25 00:42:22
2020-03-25 00:42:24,732006.0,732331.0,2020-03-25 00:42:24
2020-03-25 00:42:25,732006.0,732331.0,2020-03-25 00:42:25
2020-03-25 00:42:26,732024.0,732445.0,2020-03-25 00:42:26
2020-03-25 00:42:27,732024.0,732445.0,2020-03-25 00:42:27
2020-03-25 00:42:28,732024.0,732445.0,2020-03-25 00:42:28
2020-03-25 00:42:29,732024.0,732445.0,2020-03-25 00:42:29
2020-03-25 00:42:30,732024.0,732445.0,2020-03-25 00:42:30
2020-03-25 00:42:31,732024.0,732445.0,2020-03-25 00:42:31
2020-03-25 00:42:32,732024.0,732445.0,2020-03-25 00:42:32
2020-03-25 00:42:33,732024.0,732445.0,2020-03-25 00:42:33
2020-03-25 00:42:34,732024.0,732445.0,2020-03-25 00:42:34
2020-03-25 00:42:35,732024.0,732445.0,2020-03-25 00:42:35
2020-03-25 00:42:36,732128.0,732137.0,2020-03-25 00:42:36
2020-03-25 00:42:37,732128.0,732137.0,2020-03-25 00:42:37
2020-03-25 00:42:39,732128.0,732137.0,2020-03-25 00:42:38
2020-03-25 00:42:40,732128.0,732137.0,2020-03-25 00:42:40
2020-03-25 00:42:41,732128.0,732137.0,2020-03-25 00:42:41
2020-03-25 00:42:42,732128.0,732137.0,2020-03-25 00:42:42
2020-03-25 00:42:43,732128.0,732137.0,2020-03-25 00:42:43
2020-03-25 00:42:44,732128.0,732137.0,2020-03-25 00:42:44
2020-03-25 00:42:45,732128.0,732137.0,2020-03-25 00:42:45
2020-03-25 00:42:46,732128.0,732137.0,2020-03-25 00:42:46
2020-03-25 00:42:47,732656.0,732758.0,2020-03-25 00:42:47
2020-03-25 00:42:48,732656.0,732758.0,2020-03-25 00:42:48
2020-03-25 00:42:49,732656.0,732758.0,2020-03-25 00:42:49
2020-03-25 00:42:50,732656.0,732758.0,2020-03-25 00:42:50
2020-03-25 00:42:51,732656.0,732758.0,2020-03-25 00:42:51
2020-03-25 00:42:52,732656.0,732758.0,2020-03-25 00:42:52
2020-03-25 00:42:53,732656.0,732758.0,2020-03-25 00:42:53
2020-03-25 00:42:54,732656.0,732758.0,2020-03-25 00:42:54
2020-03-25 00:42:55,732656.0,732758.0,2020-03-25 00:42:55
2020-03-25 00:42:57,732763.0,732801.0,2020-03-25 00:42:56
2020-03-25 00:42:58,732763.0,732801.0,2020-03-25 00:42:58
2020-03-25 00:42:59,732763.0,732801.0,2020-03-25 00:42:59
2020-03-25 00:43:00,732763.0,732801.0,2020-03-25 00:43:00
2020-03-25 00:43:01,732763.0,732801.0,2020-03-25 00:43:01
2020-03-25 00:43:02,732763.0,732801.0,2020-03-25 00:43:02
2020-03-25 00:43:03,732763.0,732801.0,2020-03-25 00:43:03
2020-03-25 00:43:04,732763.0,732801.0,2020-03-25 00:43:04
2020-03-25 00:43:05,732781.0,733182.0,2020-03-25 00:43:05
2020-03-25 00:43:06,732781.0,733182.0,2020-03-25 00:43:06
2020-03-25 00:43:07,732781.0,733182.0,2020-03-25 00:43:07
2020-03-25 00:43:08,732781.0,733182.0,2020-03-25 00:43:08
2020-03-25 00:43:09,732781.0,733182.0,2020-03-25 00:43:09
2020-03-25 00:43:10,732781.0,733182.0,2020-03-25 00:43:10
2020-03-25 00:43:12,732781.0,733182.0,2020-03-25 00:43:11
2020-03-25 00:43:13,732781.0,733182.0,2020-03-25 00:43:13
2020-03-25 00:43:14,732781.0,733182.0,2020-03-25 00:43:14
2020-03-25 00:43:15,732781.0,733182.0,2020-03-25 00:43:15
2020-03-25 00:43:16,732781.0,733182.0,2020-03-25 00:43:16
2020-03-25 00:43:17,732817.0,733510.0,2020-03-25 00:43:17
2020-03-25 00:43:18,732817.0,733510.0,2020-03-25 00:43:18
2020-03-25 00:43:19,732817.0,733510.0,2020-03-25 00:43:19
2020-03-25 00:43:20,732817.0,733510.0,2020-03-25 00:43:20
2020-03-25 00:43:21,732817.0,733510.0,2020-03-25 00:43:21
2020-03-25 00:43:22,732817.0,733510.0,2020-03-25 00:43:22
2020-03-25 00:43:23,732817.0,733510.0,2020-03-25 00:43:23
2020-03-25 00:43:24,732817.0,733510.0,2020-03-25 00:43:24
2020-03-25 00:43:25,732817.0,733510.0,2020-03-25 00:43:25
2020-03-25 00:43:26,733685.0,733755.0,2020-03-25 00:43:26
2020-03-25 00:43:27,733685.0,733755.0,2020-03-25 00:43:27
2020-03-25 00:43:28,733685.0,733755.0,2020-03-25 00:43:28
2020-03-25 00:43:29,733685.0,733755.0,2020-03-25 00:43:29
2020-03-25 00:43:31,733685.0,733755.0,2020-03-25 00:43:30
2020-03-25 00:43:32,733685.0,733755.0,2020-03-25 00:43:32
2020-03-25 00:43:33,733685.0,733755.0,2020-03-25 00:43:33
2020-03-25 00:43:34,733685.0,733755.0,2020-03-25 00:43:34
2020-03-25 00:43:35,733685.0,733755.0,2020-03-25 00:43:35
2020-03-25 00:43:36,733685.0,733755.0,2020-03-25 00:43:36
2020-03-25 00:43:37,733685.0,733755.0,2020-03-25 00:43:37
2020-03-25 00:43:38,733871.0,733999.0,2020-03-25 00:43:38
2020-03-25 00:43:39,733871.0,733999.0,2020-03-25 00:43:39
2020-03-25 00:43:40,733871.0,733999.0,2020-03-25 00:43:40
2020-03-25 00:43:41,733871.0,733999.0,2020-03-25 00:43:41
2020-03-25 00:43:42,733871.0,733999.0,2020-03-25 00:43:42
2020-03-25 00:43:43,733871.0,733999.0,2020-03-25 00:43:43
2020-03-25 00:43:44,733871.0,733999.0,2020-03-25 00:43:44
2020-03-25 00:43:45,733871.0,733999.0,2020-03-25 00:43:45
2020-03-25 00:43:46,733996.0,734155.0,2020-03-25 00:43:46
2020-03-25 00:43:48,733996.0,734155.0,2020-03-25 00:43:47
2020-03-25 00:43:49,733996.0,734155.0,2020-03-25 00:43:49
2020-03-25 00:43:50,733996.0,734155.0,2020-03-25 00:43:50
2020-03-25 00:43:51,733996.0,734155.0,2020-03-25 00:43:51
2020-03-25 00:43:52,733996.0,734155.0,2020-03-25 00:43:52
2020-03-25 00:43:53,733996.0,734155.0,2020-03-25 00:43:53
2020-03-25 00:43:54,733996.0,734155.0,2020-03-25 00:43:54
2020-03-25 00:43:55,733996.0,734155.0,2020-03-25 00:43:55
2020-03-25 00:43:56,734510.0,734842.0,2020-03-25 00:43:56
2020-03-25 00:43:57,734510.0,734842.0,2020-03-25 00:43:57
2020-03-25 00:43:58,734510.0,734842.0,2020-03-25 00:43:58
2020-03-25 00:43:59,734510.0,734842.0,2020-03-25 00:43:59
2020-03-25 00:44:00,734510.0,734842.0,2020-03-25 00:44:00
2020-03-25 00:44:01,734510.0,734842.0,2020-03-25 00:44:01
2020-03-25 00:44:02,734510.0,734842.0,2020-03-25 00:44:02
2020-03-25 00:44:04,734510.0,734842.0,2020-03-25 00:44:03
2020-03-25 00:44:05,734510.0,734842.0,2020-03-25 00:44:05
2020-03-25 00:44:06,734557.0,734820.0,2020-03-25 00:44:06
2020-03-25 00:44:07,734557.0,734820.0,2020-03-25 00:44:07
2020-03-25 00:44:08,734557.0,734820.0,2020-03-25 00:44:08
2020-03-25 00:44:09,734557.0,734820.0,2020-03-25 00:44:09
2020-03-25 00:44:10,734557.0,734820.0,2020-03-25 00:44:10
2020-03-25 00:44:11,734557.0,734820.0,2020-03-25 00:44:11
2020-03-25 00:44:12,734557.0,734820.0,2020-03-25 00:44:12
2020-03-25 00:44:13,734557.0,734820.0,2020-03-25 00:44:13
2020-03-25 00:44:14,734557.0,734820.0,2020-03-25 00:44:14
2020-03-25 00:44:15,734557.0,734820.0,2020-03-25 00:44:15
2020-03-25 00:44:16,734557.0,734820.0,2020-03-25 00:44:16
2020-03-25 00:44:17,734975.0,736211.0,2020-03-25 00:44:17
2020-03-25 00:44:18,734975.0,736211.0,2020-03-25 00:44:18
2020-03-25 00:44:19,734975.0,736211.0,2020-03-25 00:44:19
2020-03-25 00:44:21,734975.0,736211.0,2020-03-25 00:44:20
2020-03-25 00:44:22,734975.0,736211.0,2020-03-25 00:44:22
2020-03-25 00:44:23,734975.0,736211.0,2020-03-25 00:44:23
2020-03-25 00:44:24,734975.0,736211.0,2020-03-25 00:44:24
2020-03-25 00:44:25,734975.0,736211.0,2020-03-25 00:44:25
2020-03-25 00:44:26,734975.0,736211.0,2020-03-25 00:44:26
2020-03-25 00:44:27,736253.0,737082.0,2020-03-25 00:44:27
2020-03-25 00:44:28,736253.0,737082.0,2020-03-25 00:44:28
2020-03-25 00:44:29,736253.0,737082.0,2020-03-25 00:44:29
2020-03-25 00:44:30,736253.0,737082.0,2020-03-25 00:44:30
2020-03-25 00:44:31,736253.0,737082.0,2020-03-25 00:44:31
2020-03-25 00:44:32,736253.0,737082.0,2020-03-25 00:44:32
2020-03-25 00:44:33,736253.0,737082.0,2020-03-25 00:44:33
2020-03-25 00:44:34,736253.0,737082.0,2020-03-25 00:44:34
2020-03-25 00:44:35,736253.0,737082.0,2020-03-25 00:44:35
2020-03-25 00:44:36,736947.0,736985.0,2020-03-25 00:44:36
2020-03-25 00:44:37,736947.0,736985.0,2020-03-25 00:44:37
2020-03-25 00:44:38,736947.0,736985.0,2020-03-25 00:44:38
2020-03-25 00:44:39,736947.0,736985.0,2020-03-25 00:44:39
2020-03-25 00:44:41,736947.0,736985.0,2020-03-25 00:44:40
2020-03-25 00:44:42,736947.0,736985.0,2020-03-25 00:44:42
2020-03-25 00:44:43,736947.0,736985.0,2020-03-25 00:44:43
2020-03-25 00:44:44,736947.0,736985.0,2020-03-25 00:44:44
2020-03-25 00:44:45,736947.0,736985.0,2020-03-25 00:44:45
2020-03-25 00:44:46,736905.0,737069.0,2020-03-25 00:44:46
2020-03-25 00:44:47,736905.0,737069.0,2020-03-25 00:44:47
2020-03-25 00:44:48,736905.0,737069.0,2020-03-25 00:44:48
2020-03-25 00:44:49,736905.0,737069.0,2020-03-25 00:44:49
2020-03-25 00:44:50,736905.0,737069.0,2020-03-25 00:44:50
2020-03-25 00:44:51,736905.0,737069.0,2020-03-25 00:44:51
2020-03-25 00:44:52,736905.0,737069.0,2020-03-25 00:44:52
2020-03-25 00:44:53,736905.0,737069.0,2020-03-25 00:44:53
2020-03-25 00:44:54,736905.0,737069.0,2020-03-25 00:44:54
2020-03-25 00:44:55,736905.0,737069.0,2020-03-25 00:44:55
2020-03-25 00:44:57,737792.0,738318.0,2020-03-25 00:44:56
2020-03-25 00:44:58,737792.0,738318.0,2020-03-25 00:44:58
2020-03-25 00:44:59,737792.0,738318.0,2020-03-25 00:44:59
2020-03-25 00:45:00,737792.0,738318.0,2020-03-25 00:45:00
2020-03-25 00:45:01,737792.0,738318.0,2020-03-25 00:45:01
2020-03-25 00:45:02,737792.0,738318.0,2020-03-25 00:45:02
2020-03-25 00:45:03,737792.0,738318.0,2020-03-25 00:45:03
2020-03-25 00:45:04,737792.0,738318.0,2020-03-25 00:45:04
2020-03-25 00:45:05,737792.0,738318.0,2020-03-25 00:45:05
2020-03-25 00:45:06,737792.0,738318.0,2020-03-25 00:45:06
2020-03-25 00:45:07,737792.0,738318.0,2020-03-25 00:45:07
2020-03-25 00:45:08,736382.0,736703.0,2020-03-25 00:45:08
2020-03-25 00:45:09,736382.0,736703.0,2020-03-25 00:45:09
2020-03-25 00:45:10,736382.0,736703.0,2020-03-25 00:45:10
2020-03-25 00:45:11,736382.0,736703.0,2020-03-25 00:45:11
2020-03-25 00:45:12,736382.0,736703.0,2020-03-25 00:45:12
2020-03-25 00:45:14,736382.0,736703.0,2020-03-25 00:45:13
2020-03-25 00:45:15,736382.0,736703.0,2020-03-25 00:45:15
2020-03-25 00:45:16,736382.0,736703.0,2020-03-25 00:45:16
2020-03-25 00:45:17,736382.0,736703.0,2020-03-25 00:45:17
2020-03-25 00:45:18,736190.0,736213.0,2020-03-25 00:45:18
2020-03-25 00:45:19,736190.0,736213.0,2020-03-25 00:45:19
2020-03-25 00:45:20,736190.0,736213.0,2020-03-25 00:45:20
2020-03-25 00:45:21,736190.0,736213.0,2020-03-25 00:45:21
2020-03-25 00:45:22,736190.0,736213.0,2020-03-25 00:45:22
2020-03-25 00:45:23,736190.0,736213.0,2020-03-25 00:45:23
2020-03-25 00:45:24,736190.0,736213.0,2020-03-25 00:45:24
2020-03-25 00:45:25,736190.0,736213.0,2020-03-25 00:45:25
2020-03-25 00:45:26,736190.0,736213.0,2020-03-25 00:45:26
2020-03-25 00:45:27,736190.0,736213.0,2020-03-25 00:45:27
2020-03-25 00:45:28,735842.0,735951.0,2020-03-25 00:45:28
2020-03-25 00:45:29,735842.0,735951.0,2020-03-25 00:45:29
2020-03-25 00:45:31,735842.0,735951.0,2020-03-25 00:45:30
2020-03-25 00:45:32,735842.0,735951.0,2020-03-25 00:45:32
2020-03-25 00:45:33,735842.0,735951.0,2020-03-25 00:45:33
2020-03-25 00:45:34,735842.0,735951.0,2020-03-25 00:45:34
2020-03-25 00:45:35,735842.0,735951.0,2020-03-25 00:45:35
2020-03-25 00:45:36,735842.0,735951.0,2020-03-25 00:45:36
2020-03-25 00:45:37,735842.0,735951.0,2020-03-25 00:45:37
2020-03-25 00:45:38,735842.0,735951.0,2020-03-25 00:45:38
2020-03-25 00:45:39,734867.0,734884.0,2020-03-25 00:45:39
2020-03-25 00:45:40,734867.0,734884.0,2020-03-25 00:45:40
2020-03-25 00:45:41,734867.0,734884.0,2020-03-25 00:45:41
2020-03-25 00:45:42,734867.0,734884.0,2020-03-25 00:45:42
2020-03-25 00:45:43,734867.0,734884.0,2020-03-25 00:45:43
2020-03-25 00:45:44,734867.0,734884.0,2020-03-25 00:45:44
2020-03-25 00:45:45,734867.0,734884.0,2020-03-25 00:45:45
2020-03-25 00:45:46,734867.0,734884.0,2020-03-25 00:45:46
2020-03-25 00:45:47,734867.0,734884.0,2020-03-25 00:45:47
2020-03-25 00:45:49,735432.0,735917.0,2020-03-25 00:45:48
2020-03-25 00:45:50,735432.0,735917.0,2020-03-25 00:45:50
2020-03-25 00:45:51,735432.0,735917.0,2020-03-25 00:45:51
2020-03-25 00:45:52,735432.0,735917.0,2020-03-25 00:45:52
2020-03-25 00:45:53,735432.0,735917.0,2020-03-25 00:45:53
2020-03-25 00:45:54,735432.0,735917.0,2020-03-25 00:45:54
2020-03-25 00:45:55,735432.0,735917.0,2020-03-25 00:45:55
2020-03-25 00:45:56,735432.0,735917.0,2020-03-25 00:45:56
2020-03-25 00:45:57,735432.0,735917.0,2020-03-25 00:45:57
2020-03-25 00:45:58,734948.0,735491.0,2020-03-25 00:45:58
2020-03-25 00:45:59,734948.0,735491.0,2020-03-25 00:45:59
2020-03-25 00:46:01,734948.0,735491.0,2020-03-25 00:46:00
2020-03-25 00:46:02,734948.0,735491.0,2020-03-25 00:46:02
2020-03-25 00:46:03,734948.0,735491.0,2020-03-25 00:46:03
2020-03-25 00:46:04,734948.0,735491.0,2020-03-25 00:46:04
2020-03-25 00:46:05,734948.0,735491.0,2020-03-25 00:46:05
2020-03-25 00:46:06,735276.0,735934.0,2020-03-25 00:46:06
2020-03-25 00:46:07,735276.0,735934.0,2020-03-25 00:46:07
2020-03-25 00:46:08,735276.0,735934.0,2020-03-25 00:46:08
2020-03-25 00:46:09,735276.0,735934.0,2020-03-25 00:46:09
2020-03-25 00:46:10,735276.0,735934.0,2020-03-25 00:46:10
2020-03-25 00:46:11,735276.0,735934.0,2020-03-25 00:46:11
2020-03-25 00:46:12,735276.0,735934.0,2020-03-25 00:46:12
2020-03-25 00:46:13,735276.0,735934.0,2020-03-25 00:46:13
2020-03-25 00:46:14,735276.0,735934.0,2020-03-25 00:46:14
2020-03-25 00:46:15,735276.0,735934.0,2020-03-25 00:46:15
2020-03-25 00:46:16,735276.0,735934.0,2020-03-25 00:46:16
2020-03-25 00:46:17,735276.0,735934.0,2020-03-25 00:46:17
2020-03-25 00:46:19,735267.0,735844.0,2020-03-25 00:46:19
2020-03-25 00:46:20,735267.0,735844.0,2020-03-25 00:46:20
2020-03-25 00:46:21,735267.0,735844.0,2020-03-25 00:46:21
2020-03-25 00:46:22,735267.0,735844.0,2020-03-25 00:46:22
2020-03-25 00:46:23,735267.0,735844.0,2020-03-25 00:46:23
2020-03-25 00:46:24,735267.0,735844.0,2020-03-25 00:46:24
2020-03-25 00:46:25,735267.0,735844.0,2020-03-25 00:46:25
2020-03-25 00:46:26,735267.0,735844.0,2020-03-25 00:46:26
2020-03-25 00:46:27,735303.0,735756.0,2020-03-25 00:46:27
2020-03-25 00:46:28,735303.0,735756.0,2020-03-25 00:46:28
2020-03-25 00:46:29,735303.0,735756.0,2020-03-25 00:46:29
2020-03-25 00:46:30,735303.0,735756.0,2020-03-25 00:46:30
2020-03-25 00:46:31,735303.0,735756.0,2020-03-25 00:46:31
2020-03-25 00:46:32,735303.0,735756.0,2020-03-25 00:46:32
2020-03-25 00:46:33,735303.0,735756.0,2020-03-25 00:46:33
2020-03-25 00:46:35,735303.0,735756.0,2020-03-25 00:46:34
2020-03-25 00:46:36,735303.0,735756.0,2020-03-25 00:46:36
2020-03-25 00:46:37,735806.0,736360.0,2020-03-25 00:46:37
2020-03-25 00:46:38,735806.0,736360.0,2020-03-25 00:46:38
2020-03-25 00:46:39,735806.0,736360.0,2020-03-25 00:46:39
2020-03-25 00:46:40,735806.0,736360.0,2020-03-25 00:46:40
2020-03-25 00:46:41,735806.0,736360.0,2020-03-25 00:46:41
2020-03-25 00:46:42,735806.0,736360.0,2020-03-25 00:46:42
2020-03-25 00:46:43,735806.0,736360.0,2020-03-25 00:46:43
2020-03-25 00:46:44,735806.0,736360.0,2020-03-25 00:46:44
2020-03-25 00:46:45,735806.0,736360.0,2020-03-25 00:46:45
2020-03-25 00:46:46,735806.0,736360.0,2020-03-25 00:46:46
2020-03-25 00:46:47,735806.0,736360.0,2020-03-25 00:46:47
2020-03-25 00:46:48,735806.0,736360.0,2020-03-25 00:46:48
2020-03-25 00:46:49,735165.0,735723.0,2020-03-25 00:46:49
2020-03-25 00:46:50,735165.0,735723.0,2020-03-25 00:46:50
2020-03-25 00:46:52,735165.0,735723.0,2020-03-25 00:46:51
2020-03-25 00:46:53,735165.0,735723.0,2020-03-25 00:46:53
2020-03-25 00:46:54,735165.0,735723.0,2020-03-25 00:46:54
2020-03-25 00:46:55,735165.0,735723.0,2020-03-25 00:46:55
2020-03-25 00:46:56,735165.0,735723.0,2020-03-25 00:46:56
2020-03-25 00:46:57,735165.0,735723.0,2020-03-25 00:46:57
2020-03-25 00:46:58,735030.0,735141.0,2020-03-25 00:46:58
2020-03-25 00:46:59,735030.0,735141.0,2020-03-25 00:46:59
2020-03-25 00:47:00,735030.0,735141.0,2020-03-25 00:47:00
2020-03-25 00:47:01,735030.0,735141.0,2020-03-25 00:47:01
2020-03-25 00:47:02,735030.0,735141.0,2020-03-25 00:47:02
2020-03-25 00:47:03,735030.0,735141.0,2020-03-25 00:47:03
2020-03-25 00:47:04,735030.0,735141.0,2020-03-25 00:47:04
2020-03-25 00:47:05,735006.0,735031.0,2020-03-25 00:47:05
2020-03-25 00:47:06,735006.0,735031.0,2020-03-25 00:47:06
2020-03-25 00:47:07,735006.0,735031.0,2020-03-25 00:47:07
2020-03-25 00:47:09,735006.0,735031.0,2020-03-25 00:47:08
2020-03-25 00:47:10,735006.0,735031.0,2020-03-25 00:47:10
2020-03-25 00:47:11,735006.0,735031.0,2020-03-25 00:47:11
2020-03-25 00:47:12,735006.0,735031.0,2020-03-25 00:47:12
2020-03-25 00:47:13,735006.0,735031.0,2020-03-25 00:47:13
2020-03-25 00:47:14,735006.0,735031.0,2020-03-25 00:47:14
2020-03-25 00:47:15,735326.0,735991.0,2020-03-25 00:47:15
2020-03-25 00:47:16,735326.0,735991.0,2020-03-25 00:47:16
2020-03-25 00:47:17,735326.0,735991.0,2020-03-25 00:47:17
2020-03-25 00:47:18,735326.0,735991.0,2020-03-25 00:47:18
2020-03-25 00:47:19,735326.0,735991.0,2020-03-25 00:47:19
2020-03-25 00:47:20,735326.0,735991.0,2020-03-25 00:47:20
2020-03-25 00:47:21,735326.0,735991.0,2020-03-25 00:47:21
2020-03-25 00:47:22,735326.0,735991.0,2020-03-25 00:47:22
2020-03-25 00:47:23,735326.0,735991.0,2020-03-25 00:47:23
2020-03-25 00:47:25,735326.0,735991.0,2020-03-25 00:47:24
2020-03-25 00:47:26,735326.0,735991.0,2020-03-25 00:47:26
2020-03-25 00:47:27,735387.0,735952.0,2020-03-25 00:47:27
2020-03-25 00:47:28,735387.0,735952.0,2020-03-25 00:47:28
2020-03-25 00:47:29,735387.0,735952.0,2020-03-25 00:47:29
2020-03-25 00:47:30,735387.0,735952.0,2020-03-25 00:47:30
2020-03-25 00:47:31,735387.0,735952.0,2020-03-25 00:47:31
2020-03-25 00:47:32,735387.0,735952.0,2020-03-25 00:47:32
2020-03-25 00:47:33,735387.0,735952.0,2020-03-25 00:47:33
2020-03-25 00:47:34,735387.0,735952.0,2020-03-25 00:47:34
2020-03-25 00:47:35,735387.0,735952.0,2020-03-25 00:47:35
2020-03-25 00:47:36,735305.0,735724.0,2020-03-25 00:47:36
2020-03-25 00:47:37,735305.0,735724.0,2020-03-25 00:47:37
2020-03-25 00:47:38,735305.0,735724.0,2020-03-25 00:47:38
2020-03-25 00:47:39,735305.0,735724.0,2020-03-25 00:47:39
2020-03-25 00:47:40,735305.0,735724.0,2020-03-25 00:47:40
2020-03-25 00:47:42,735305.0,735724.0,2020-03-25 00:47:41
2020-03-25 00:47:43,735305.0,735724.0,2020-03-25 00:47:43
2020-03-25 00:47:44,735305.0,735724.0,2020-03-25 00:47:44
2020-03-25 00:47:45,735305.0,735724.0,2020-03-25 00:47:45
2020-03-25 00:47:46,735111.0,735717.0,2020-03-25 00:47:46
2020-03-25 00:47:47,735111.0,735717.0,2020-03-25 00:47:47
2020-03-25 00:47:48,735111.0,735717.0,2020-03-25 00:47:48
2020-03-25 00:47:49,735111.0,735717.0,2020-03-25 00:47:49
2020-03-25 00:47:50,735111.0,735717.0,2020-03-25 00:47:50
2020-03-25 00:47:51,735111.0,735717.0,2020-03-25 00:47:51
2020-03-25 00:47:52,735111.0,735717.0,2020-03-25 00:47:52
2020-03-25 00:47:53,735111.0,735717.0,2020-03-25 00:47:53
2020-03-25 00:47:54,735111.0,735717.0,2020-03-25 00:47:54
2020-03-25 00:47:55,735111.0,735717.0,2020-03-25 00:47:55
2020-03-25 00:47:56,735186.0,735745.0,2020-03-25 00:47:56
2020-03-25 00:47:57,735186.0,735745.0,2020-03-25 00:47:57
2020-03-25 00:47:59,735186.0,735745.0,2020-03-25 00:47:58
2020-03-25 00:48:00,735186.0,735745.0,2020-03-25 00:48:00
2020-03-25 00:48:01,735186.0,735745.0,2020-03-25 00:48:01
2020-03-25 00:48:02,735186.0,735745.0,2020-03-25 00:48:02
2020-03-25 00:48:03,735186.0,735745.0,2020-03-25 00:48:03
2020-03-25 00:48:04,735186.0,735745.0,2020-03-25 00:48:04
2020-03-25 00:48:05,735220.0,735797.0,2020-03-25 00:48:05
2020-03-25 00:48:06,735220.0,735797.0,2020-03-25 00:48:06
2020-03-25 00:48:07,735220.0,735797.0,2020-03-25 00:48:07
2020-03-25 00:48:08,735220.0,735797.0,2020-03-25 00:48:08
2020-03-25 00:48:09,735220.0,735797.0,2020-03-25 00:48:09
2020-03-25 00:48:10,735220.0,735797.0,2020-03-25 00:48:10
2020-03-25 00:48:11,735220.0,735797.0,2020-03-25 00:48:11
2020-03-25 00:48:12,735220.0,735797.0,2020-03-25 00:48:12
2020-03-25 00:48:13,735220.0,735797.0,2020-03-25 00:48:13
2020-03-25 00:48:15,735220.0,735797.0,2020-03-25 00:48:14
2020-03-25 00:48:16,734558.0,735112.0,2020-03-25 00:48:16
2020-03-25 00:48:17,734558.0,735112.0,2020-03-25 00:48:17
2020-03-25 00:48:18,734558.0,735112.0,2020-03-25 00:48:18
2020-03-25 00:48:19,734558.0,735112.0,2020-03-25 00:48:19
2020-03-25 00:48:20,734558.0,735112.0,2020-03-25 00:48:20
2020-03-25 00:48:21,734558.0,735112.0,2020-03-25 00:48:21
2020-03-25 00:48:22,734558.0,735112.0,2020-03-25 00:48:22
2020-03-25 00:48:23,734558.0,735112.0,2020-03-25 00:48:23
2020-03-25 00:48:24,734558.0,735112.0,2020-03-25 00:48:24
2020-03-25 00:48:25,734558.0,735112.0,2020-03-25 00:48:25
2020-03-25 00:48:26,734412.0,734788.0,2020-03-25 00:48:26
2020-03-25 00:48:27,734412.0,734788.0,2020-03-25 00:48:27
2020-03-25 00:48:28,734412.0,734788.0,2020-03-25 00:48:28
2020-03-25 00:48:29,734412.0,734788.0,2020-03-25 00:48:29
2020-03-25 00:48:30,734412.0,734788.0,2020-03-25 00:48:30
2020-03-25 00:48:31,734412.0,734788.0,2020-03-25 00:48:31
2020-03-25 00:48:33,734412.0,734788.0,2020-03-25 00:48:32
2020-03-25 00:48:34,734412.0,734788.0,2020-03-25 00:48:34
2020-03-25 00:48:35,734412.0,734788.0,2020-03-25 00:48:35
2020-03-25 00:48:36,734159.0,734791.0,2020-03-25 00:48:36
2020-03-25 00:48:37,734159.0,734791.0,2020-03-25 00:48:37
2020-03-25 00:48:38,734159.0,734791.0,2020-03-25 00:48:38
2020-03-25 00:48:39,734159.0,734791.0,2020-03-25 00:48:39
2020-03-25 00:48:40,734159.0,734791.0,2020-03-25 00:48:40
2020-03-25 00:48:41,734159.0,734791.0,2020-03-25 00:48:41
2020-03-25 00:48:42,734159.0,734791.0,2020-03-25 00:48:42
2020-03-25 00:48:43,734159.0,734791.0,2020-03-25 00:48:43
2020-03-25 00:48:44,734159.0,734791.0,2020-03-25 00:48:44
2020-03-25 00:48:45,734159.0,734791.0,2020-03-25 00:48:45
2020-03-25 00:48:46,734159.0,734791.0,2020-03-25 00:48:46
2020-03-25 00:48:47,734159.0,734791.0,2020-03-25 00:48:47
2020-03-25 00:48:48,734143.0,734671.0,2020-03-25 00:48:48
2020-03-25 00:48:49,734143.0,734671.0,2020-03-25 00:48:49
2020-03-25 00:48:51,734143.0,734671.0,2020-03-25 00:48:50
2020-03-25 00:48:52,734143.0,734671.0,2020-03-25 00:48:52
2020-03-25 00:48:53,734143.0,734671.0,2020-03-25 00:48:53
2020-03-25 00:48:54,734143.0,734671.0,2020-03-25 00:48:54
2020-03-25 00:48:55,734143.0,734671.0,2020-03-25 00:48:55
2020-03-25 00:48:56,734143.0,734671.0,2020-03-25 00:48:56
2020-03-25 00:48:57,734157.0,734637.0,2020-03-25 00:48:57
2020-03-25 00:48:58,734157.0,734637.0,2020-03-25 00:48:58
2020-03-25 00:48:59,734157.0,734637.0,2020-03-25 00:48:59
2020-03-25 00:49:00,734157.0,734637.0,2020-03-25 00:49:00
2020-03-25 00:49:01,734157.0,734637.0,2020-03-25 00:49:01
2020-03-25 00:49:02,734157.0,734637.0,2020-03-25 00:49:02
2020-03-25 00:49:03,734157.0,734637.0,2020-03-25 00:49:03
2020-03-25 00:49:04,734157.0,734637.0,2020-03-25 00:49:04
2020-03-25 00:49:05,733892.0,734228.0,2020-03-25 00:49:05
2020-03-25 00:49:06,733892.0,734228.0,2020-03-25 00:49:06
2020-03-25 00:49:07,733892.0,734228.0,2020-03-25 00:49:07
2020-03-25 00:49:09,733892.0,734228.0,2020-03-25 00:49:08
2020-03-25 00:49:10,733892.0,734228.0,2020-03-25 00:49:10
2020-03-25 00:49:11,733892.0,734228.0,2020-03-25 00:49:11
2020-03-25 00:49:12,733892.0,734228.0,2020-03-25 00:49:12
2020-03-25 00:49:13,733892.0,734228.0,2020-03-25 00:49:13
2020-03-25 00:49:14,733892.0,734228.0,2020-03-25 00:49:14
2020-03-25 00:49:15,733893.0,733900.0,2020-03-25 00:49:15
2020-03-25 00:49:16,733893.0,733900.0,2020-03-25 00:49:16
2020-03-25 00:49:17,733893.0,733900.0,2020-03-25 00:49:17
2020-03-25 00:49:18,733893.0,733900.0,2020-03-25 00:49:18
2020-03-25 00:49:19,733893.0,733900.0,2020-03-25 00:49:19
2020-03-25 00:49:20,733893.0,733900.0,2020-03-25 00:49:20
2020-03-25 00:49:21,733893.0,733900.0,2020-03-25 00:49:21
2020-03-25 00:49:22,733893.0,733900.0,2020-03-25 00:49:22
2020-03-25 00:49:23,733893.0,733900.0,2020-03-25 00:49:23
2020-03-25 00:49:24,733893.0,733900.0,2020-03-25 00:49:24
2020-03-25 00:49:26,733893.0,733900.0,2020-03-25 00:49:25
2020-03-25 00:49:27,734433.0,735141.0,2020-03-25 00:49:27
2020-03-25 00:49:28,734433.0,735141.0,2020-03-25 00:49:28
2020-03-25 00:49:29,734433.0,735141.0,2020-03-25 00:49:29
2020-03-25 00:49:30,734433.0,735141.0,2020-03-25 00:49:30
2020-03-25 00:49:31,734433.0,735141.0,2020-03-25 00:49:31
2020-03-25 00:49:32,734433.0,735141.0,2020-03-25 00:49:32
2020-03-25 00:49:33,734433.0,735141.0,2020-03-25 00:49:33
2020-03-25 00:49:34,734433.0,735141.0,2020-03-25 00:49:34
2020-03-25 00:49:35,734433.0,735141.0,2020-03-25 00:49:35
2020-03-25 00:49:36,734600.0,734602.0,2020-03-25 00:49:36
2020-03-25 00:49:37,734600.0,734602.0,2020-03-25 00:49:37
2020-03-25 00:49:38,734600.0,734602.0,2020-03-25 00:49:38
2020-03-25 00:49:39,734600.0,734602.0,2020-03-25 00:49:39
2020-03-25 00:49:40,734600.0,734602.0,2020-03-25 00:49:40
2020-03-25 00:49:41,734600.0,734602.0,2020-03-25 00:49:41
2020-03-25 00:49:42,734600.0,734602.0,2020-03-25 00:49:42
2020-03-25 00:49:43,734600.0,734602.0,2020-03-25 00:49:43
2020-03-25 00:49:45,734600.0,734602.0,2020-03-25 00:49:44
2020-03-25 00:49:46,734600.0,734602.0,2020-03-25 00:49:46
2020-03-25 00:49:47,734600.0,734602.0,2020-03-25 00:49:47
2020-03-25 00:49:48,734600.0,734602.0,2020-03-25 00:49:48
2020-03-25 00:49:49,733858.0,734191.0,2020-03-25 00:49:49
2020-03-25 00:49:50,733858.0,734191.0,2020-03-25 00:49:50
2020-03-25 00:49:51,733858.0,734191.0,2020-03-25 00:49:51
2020-03-25 00:49:52,733858.0,734191.0,2020-03-25 00:49:52
2020-03-25 00:49:53,733858.0,734191.0,2020-03-25 00:49:53
2020-03-25 00:49:54,733858.0,734191.0,2020-03-25 00:49:54
2020-03-25 00:49:55,733858.0,734191.0,2020-03-25 00:49:55
2020-03-25 00:49:56,733708.0,733970.0,2020-03-25 00:49:56
2020-03-25 00:49:57,733708.0,733970.0,2020-03-25 00:49:57
2020-03-25 00:49:58,733708.0,733970.0,2020-03-25 00:49:58
2020-03-25 00:49:59,733708.0,733970.0,2020-03-25 00:49:59
2020-03-25 00:50:00,733708.0,733970.0,2020-03-25 00:50:00
2020-03-25 00:50:01,733708.0,733970.0,2020-03-25 00:50:01
2020-03-25 00:50:03,733708.0,733970.0,2020-03-25 00:50:02
2020-03-25 00:50:04,733708.0,733970.0,2020-03-25 00:50:04
2020-03-25 00:50:05,733708.0,733970.0,2020-03-25 00:50:05
2020-03-25 00:50:06,733708.0,733970.0,2020-03-25 00:50:06
2020-03-25 00:50:07,733566.0,733801.0,2020-03-25 00:50:07
2020-03-25 00:50:08,733566.0,733801.0,2020-03-25 00:50:08
2020-03-25 00:50:09,733566.0,733801.0,2020-03-25 00:50:09
2020-03-25 00:50:10,733566.0,733801.0,2020-03-25 00:50:10
2020-03-25 00:50:11,733566.0,733801.0,2020-03-25 00:50:11
2020-03-25 00:50:12,733566.0,733801.0,2020-03-25 00:50:12
2020-03-25 00:50:13,733566.0,733801.0,2020-03-25 00:50:13
2020-03-25 00:50:14,733566.0,733801.0,2020-03-25 00:50:14
2020-03-25 00:50:15,733566.0,733801.0,2020-03-25 00:50:15
2020-03-25 00:50:16,733566.0,733801.0,2020-03-25 00:50:16
2020-03-25 00:50:17,733566.0,733711.0,2020-03-25 00:50:17
2020-03-25 00:50:18,733566.0,733711.0,2020-03-25 00:50:18
2020-03-25 00:50:19,733566.0,733711.0,2020-03-25 00:50:19
2020-03-25 00:50:20,733566.0,733711.0,2020-03-25 00:50:20
2020-03-25 00:50:22,733566.0,733711.0,2020-03-25 00:50:21
2020-03-25 00:50:23,733566.0,733711.0,2020-03-25 00:50:23
2020-03-25 00:50:24,733566.0,733711.0,2020-03-25 00:50:24
2020-03-25 00:50:25,733566.0,733711.0,2020-03-25 00:50:25
2020-03-25 00:50:26,733566.0,733711.0,2020-03-25 00:50:26
2020-03-25 00:50:27,733734.0,734132.0,2020-03-25 00:50:27
2020-03-25 00:50:28,733734.0,734132.0,2020-03-25 00:50:28
2020-03-25 00:50:29,733734.0,734132.0,2020-03-25 00:50:29
2020-03-25 00:50:30,733734.0,734132.0,2020-03-25 00:50:30
2020-03-25 00:50:31,733734.0,734132.0,2020-03-25 00:50:31
2020-03-25 00:50:32,733734.0,734132.0,2020-03-25 00:50:32
2020-03-25 00:50:33,733734.0,734132.0,2020-03-25 00:50:33
2020-03-25 00:50:34,733734.0,734132.0,2020-03-25 00:50:34
2020-03-25 00:50:35,733734.0,734132.0,2020-03-25 00:50:35
2020-03-25 00:50:36,733734.0,734132.0,2020-03-25 00:50:36
2020-03-25 00:50:37,733734.0,734132.0,2020-03-25 00:50:37
2020-03-25 00:50:38,733734.0,734132.0,2020-03-25 00:50:38
2020-03-25 00:50:39,733734.0,734132.0,2020-03-25 00:50:39
2020-03-25 00:50:41,733734.0,734132.0,2020-03-25 00:50:40
2020-03-25 00:50:42,733566.0,733695.0,2020-03-25 00:50:42
2020-03-25 00:50:43,733566.0,733695.0,2020-03-25 00:50:43
2020-03-25 00:50:44,733566.0,733695.0,2020-03-25 00:50:44
2020-03-25 00:50:45,733566.0,733695.0,2020-03-25 00:50:45
2020-03-25 00:50:46,733566.0,733695.0,2020-03-25 00:50:46
2020-03-25 00:50:47,733566.0,733656.0,2020-03-25 00:50:47
2020-03-25 00:50:48,733566.0,733656.0,2020-03-25 00:50:48
2020-03-25 00:50:49,733566.0,733656.0,2020-03-25 00:50:49
2020-03-25 00:50:50,733566.0,733656.0,2020-03-25 00:50:50
2020-03-25 00:50:51,733566.0,733656.0,2020-03-25 00:50:51
2020-03-25 00:50:52,733566.0,733656.0,2020-03-25 00:50:52
2020-03-25 00:50:53,733566.0,733656.0,2020-03-25 00:50:53
2020-03-25 00:50:54,733566.0,733656.0,2020-03-25 00:50:54
2020-03-25 00:50:55,733566.0,733656.0,2020-03-25 00:50:55
2020-03-25 00:50:56,733566.0,733656.0,2020-03-25 00:50:56
2020-03-25 00:50:57,733566.0,733662.0,2020-03-25 00:50:57
2020-03-25 00:50:59,733566.0,733662.0,2020-03-25 00:50:58
2020-03-25 00:51:00,733566.0,733662.0,2020-03-25 00:51:00
2020-03-25 00:51:01,733566.0,733662.0,2020-03-25 00:51:01
2020-03-25 00:51:02,733566.0,733662.0,2020-03-25 00:51:02
2020-03-25 00:51:03,733566.0,733662.0,2020-03-25 00:51:03
2020-03-25 00:51:04,733566.0,733662.0,2020-03-25 00:51:04
2020-03-25 00:51:05,733180.0,733569.0,2020-03-25 00:51:05
2020-03-25 00:51:06,733180.0,733569.0,2020-03-25 00:51:06
2020-03-25 00:51:07,733180.0,733569.0,2020-03-25 00:51:07
2020-03-25 00:51:08,733180.0,733569.0,2020-03-25 00:51:08
2020-03-25 00:51:09,733180.0,733569.0,2020-03-25 00:51:09
2020-03-25 00:51:10,733180.0,733569.0,2020-03-25 00:51:10
2020-03-25 00:51:11,733180.0,733569.0,2020-03-25 00:51:11
2020-03-25 00:51:12,733180.0,733569.0,2020-03-25 00:51:12
2020-03-25 00:51:13,733180.0,733569.0,2020-03-25 00:51:13
2020-03-25 00:51:14,733180.0,733569.0,2020-03-25 00:51:14
2020-03-25 00:51:16,733239.0,733550.0,2020-03-25 00:51:15
2020-03-25 00:51:17,733239.0,733550.0,2020-03-25 00:51:17
2020-03-25 00:51:18,733239.0,733550.0,2020-03-25 00:51:18
2020-03-25 00:51:19,733239.0,733550.0,2020-03-25 00:51:19
2020-03-25 00:51:20,733239.0,733550.0,2020-03-25 00:51:20
2020-03-25 00:51:21,733239.0,733550.0,2020-03-25 00:51:21
2020-03-25 00:51:22,733239.0,733550.0,2020-03-25 00:51:22
2020-03-25 00:51:23,733239.0,733550.0,2020-03-25 00:51:23
2020-03-25 00:51:24,733239.0,733550.0,2020-03-25 00:51:24
2020-03-25 00:51:25,733239.0,733550.0,2020-03-25 00:51:25
2020-03-25 00:51:26,733239.0,733550.0,2020-03-25 00:51:26
2020-03-25 00:51:27,733239.0,733550.0,2020-03-25 00:51:27
2020-03-25 00:51:28,733528.0,733603.0,2020-03-25 00:51:28
2020-03-25 00:51:29,733528.0,733603.0,2020-03-25 00:51:29
2020-03-25 00:51:30,733528.0,733603.0,2020-03-25 00:51:30
2020-03-25 00:51:31,733528.0,733603.0,2020-03-25 00:51:31
2020-03-25 00:51:32,733528.0,733603.0,2020-03-25 00:51:32
2020-03-25 00:51:34,733528.0,733603.0,2020-03-25 00:51:33
2020-03-25 00:51:35,733528.0,733603.0,2020-03-25 00:51:35
2020-03-25 00:51:36,733175.0,733479.0,2020-03-25 00:51:36
2020-03-25 00:51:37,733175.0,733479.0,2020-03-25 00:51:37
2020-03-25 00:51:38,733175.0,733479.0,2020-03-25 00:51:38
2020-03-25 00:51:39,733175.0,733479.0,2020-03-25 00:51:39
2020-03-25 00:51:40,733175.0,733479.0,2020-03-25 00:51:40
2020-03-25 00:51:41,733175.0,733479.0,2020-03-25 00:51:41
2020-03-25 00:51:42,733175.0,733479.0,2020-03-25 00:51:42
2020-03-25 00:51:43,733175.0,733479.0,2020-03-25 00:51:43
2020-03-25 00:51:44,733175.0,733479.0,2020-03-25 00:51:44
2020-03-25 00:51:45,733240.0,733801.0,2020-03-25 00:51:45
2020-03-25 00:51:46,733240.0,733801.0,2020-03-25 00:51:46
2020-03-25 00:51:47,733240.0,733801.0,2020-03-25 00:51:47
2020-03-25 00:51:48,733240.0,733801.0,2020-03-25 00:51:48
2020-03-25 00:51:50,733240.0,733801.0,2020-03-25 00:51:49
2020-03-25 00:51:51,733240.0,733801.0,2020-03-25 00:51:51
2020-03-25 00:51:52,733240.0,733801.0,2020-03-25 00:51:52
2020-03-25 00:51:53,733240.0,733801.0,2020-03-25 00:51:53
2020-03-25 00:51:54,733240.0,733801.0,2020-03-25 00:51:54
2020-03-25 00:51:55,733133.0,733728.0,2020-03-25 00:51:55
2020-03-25 00:51:56,733133.0,733728.0,2020-03-25 00:51:56
2020-03-25 00:51:57,733133.0,733728.0,2020-03-25 00:51:57
2020-03-25 00:51:58,733133.0,733728.0,2020-03-25 00:51:58
2020-03-25 00:51:59,733133.0,733728.0,2020-03-25 00:51:59
2020-03-25 00:52:00,733133.0,733728.0,2020-03-25 00:52:00
2020-03-25 00:52:01,733133.0,733728.0,2020-03-25 00:52:01
2020-03-25 00:52:02,733133.0,733728.0,2020-03-25 00:52:02
2020-03-25 00:52:03,733133.0,733728.0,2020-03-25 00:52:03
2020-03-25 00:52:04,733133.0,733728.0,2020-03-25 00:52:04
2020-03-25 00:52:05,733133.0,733728.0,2020-03-25 00:52:05
2020-03-25 00:52:06,733408.0,733857.0,2020-03-25 00:52:06
2020-03-25 00:52:08,733408.0,733857.0,2020-03-25 00:52:07
2020-03-25 00:52:09,733408.0,733857.0,2020-03-25 00:52:09
2020-03-25 00:52:10,733408.0,733857.0,2020-03-25 00:52:10
2020-03-25 00:52:11,733408.0,733857.0,2020-03-25 00:52:11
2020-03-25 00:52:12,733408.0,733857.0,2020-03-25 00:52:12
2020-03-25 00:52:13,733408.0,733857.0,2020-03-25 00:52:13
2020-03-25 00:52:14,733408.0,733857.0,2020-03-25 00:52:14
2020-03-25 00:52:15,733408.0,733857.0,2020-03-25 00:52:15
2020-03-25 00:52:16,733468.0,733844.0,2020-03-25 00:52:16
2020-03-25 00:52:17,733468.0,733844.0,2020-03-25 00:52:17
2020-03-25 00:52:18,733468.0,733844.0,2020-03-25 00:52:18
2020-03-25 00:52:19,733468.0,733844.0,2020-03-25 00:52:19
2020-03-25 00:52:20,733468.0,733844.0,2020-03-25 00:52:20
2020-03-25 00:52:21,733468.0,733844.0,2020-03-25 00:52:21
2020-03-25 00:52:22,733468.0,733844.0,2020-03-25 00:52:22
2020-03-25 00:52:23,733468.0,733844.0,2020-03-25 00:52:23
2020-03-25 00:52:24,733468.0,733844.0,2020-03-25 00:52:24
2020-03-25 00:52:26,733669.0,734121.0,2020-03-25 00:52:25
2020-03-25 00:52:27,733669.0,734121.0,2020-03-25 00:52:27
2020-03-25 00:52:28,733669.0,734121.0,2020-03-25 00:52:28
2020-03-25 00:52:29,733669.0,734121.0,2020-03-25 00:52:29
2020-03-25 00:52:30,733669.0,734121.0,2020-03-25 00:52:30
2020-03-25 00:52:31,733669.0,734121.0,2020-03-25 00:52:31
2020-03-25 00:52:32,733669.0,734121.0,2020-03-25 00:52:32
2020-03-25 00:52:33,733669.0,734121.0,2020-03-25 00:52:33
2020-03-25 00:52:34,733669.0,734121.0,2020-03-25 00:52:34
2020-03-25 00:52:35,733669.0,734121.0,2020-03-25 00:52:35
2020-03-25 00:52:36,733723.0,734063.0,2020-03-25 00:52:36
2020-03-25 00:52:37,733723.0,734063.0,2020-03-25 00:52:37
2020-03-25 00:52:38,733723.0,734063.0,2020-03-25 00:52:38
2020-03-25 00:52:39,733723.0,734063.0,2020-03-25 00:52:39
2020-03-25 00:52:40,733723.0,734063.0,2020-03-25 00:52:40
2020-03-25 00:52:41,733723.0,734063.0,2020-03-25 00:52:41
2020-03-25 00:52:43,733723.0,734063.0,2020-03-25 00:52:42
2020-03-25 00:52:44,733723.0,734063.0,2020-03-25 00:52:44
2020-03-25 00:52:45,733723.0,734063.0,2020-03-25 00:52:45
2020-03-25 00:52:46,734014.0,734193.0,2020-03-25 00:52:46
2020-03-25 00:52:47,734014.0,734193.0,2020-03-25 00:52:47
2020-03-25 00:52:48,734014.0,734193.0,2020-03-25 00:52:48
2020-03-25 00:52:49,734014.0,734193.0,2020-03-25 00:52:49
2020-03-25 00:52:50,734014.0,734193.0,2020-03-25 00:52:50
2020-03-25 00:52:51,734014.0,734193.0,2020-03-25 00:52:51
2020-03-25 00:52:52,734014.0,734193.0,2020-03-25 00:52:52
2020-03-25 00:52:53,734014.0,734193.0,2020-03-25 00:52:53
2020-03-25 00:52:54,734014.0,734193.0,2020-03-25 00:52:54
2020-03-25 00:52:55,734014.0,734193.0,2020-03-25 00:52:55
2020-03-25 00:52:56,734144.0,734702.0,2020-03-25 00:52:56
2020-03-25 00:52:57,734144.0,734702.0,2020-03-25 00:52:57
2020-03-25 00:52:58,734144.0,734702.0,2020-03-25 00:52:58
2020-03-25 00:53:00,734144.0,734702.0,2020-03-25 00:52:59
2020-03-25 00:53:01,734144.0,734702.0,2020-03-25 00:53:01
2020-03-25 00:53:02,734144.0,734702.0,2020-03-25 00:53:02
2020-03-25 00:53:03,734144.0,734702.0,2020-03-25 00:53:03
2020-03-25 00:53:04,734144.0,734702.0,2020-03-25 00:53:04
2020-03-25 00:53:05,734279.0,734667.0,2020-03-25 00:53:05
2020-03-25 00:53:06,734279.0,734667.0,2020-03-25 00:53:06
2020-03-25 00:53:07,734279.0,734667.0,2020-03-25 00:53:07
2020-03-25 00:53:08,734279.0,734667.0,2020-03-25 00:53:08
2020-03-25 00:53:09,734279.0,734667.0,2020-03-25 00:53:09
2020-03-25 00:53:10,734279.0,734667.0,2020-03-25 00:53:10
2020-03-25 00:53:11,734279.0,734667.0,2020-03-25 00:53:11
2020-03-25 00:53:12,734279.0,734667.0,2020-03-25 00:53:12
2020-03-25 00:53:13,734279.0,734667.0,2020-03-25 00:53:13
2020-03-25 00:53:14,734279.0,734667.0,2020-03-25 00:53:14
2020-03-25 00:53:15,734279.0,734667.0,2020-03-25 00:53:15
2020-03-25 00:53:16,733954.0,734573.0,2020-03-25 00:53:16
2020-03-25 00:53:17,733954.0,734573.0,2020-03-25 00:53:17
2020-03-25 00:53:19,733954.0,734573.0,2020-03-25 00:53:18
2020-03-25 00:53:20,733954.0,734573.0,2020-03-25 00:53:20
2020-03-25 00:53:21,733954.0,734573.0,2020-03-25 00:53:21
2020-03-25 00:53:22,733954.0,734573.0,2020-03-25 00:53:22
2020-03-25 00:53:23,733954.0,734573.0,2020-03-25 00:53:23
2020-03-25 00:53:24,733954.0,734573.0,2020-03-25 00:53:24
2020-03-25 00:53:25,733954.0,734573.0,2020-03-25 00:53:25
2020-03-25 00:53:26,734106.0,734497.0,2020-03-25 00:53:26
2020-03-25 00:53:27,734106.0,734497.0,2020-03-25 00:53:27
2020-03-25 00:53:28,734106.0,734497.0,2020-03-25 00:53:28
2020-03-25 00:53:29,734106.0,734497.0,2020-03-25 00:53:29
2020-03-25 00:53:30,734106.0,734497.0,2020-03-25 00:53:30
2020-03-25 00:53:31,734106.0,734497.0,2020-03-25 00:53:31
2020-03-25 00:53:32,734106.0,734497.0,2020-03-25 00:53:32
2020-03-25 00:53:33,734106.0,734497.0,2020-03-25 00:53:33
2020-03-25 00:53:34,734106.0,734497.0,2020-03-25 00:53:34
2020-03-25 00:53:36,734106.0,734497.0,2020-03-25 00:53:35
2020-03-25 00:53:37,733435.0,733835.0,2020-03-25 00:53:37
2020-03-25 00:53:38,733435.0,733835.0,2020-03-25 00:53:38
2020-03-25 00:53:39,733435.0,733835.0,2020-03-25 00:53:39
2020-03-25 00:53:40,733435.0,733835.0,2020-03-25 00:53:40
2020-03-25 00:53:41,733435.0,733835.0,2020-03-25 00:53:41
2020-03-25 00:53:42,733435.0,733835.0,2020-03-25 00:53:42
2020-03-25 00:53:43,733435.0,733835.0,2020-03-25 00:53:43
2020-03-25 00:53:44,733435.0,733835.0,2020-03-25 00:53:44
2020-03-25 00:53:45,733435.0,733835.0,2020-03-25 00:53:45
2020-03-25 00:53:46,733435.0,733835.0,2020-03-25 00:53:46
2020-03-25 00:53:47,733533.0,734504.0,2020-03-25 00:53:47
2020-03-25 00:53:48,733533.0,734504.0,2020-03-25 00:53:48
2020-03-25 00:53:49,733533.0,734504.0,2020-03-25 00:53:49
2020-03-25 00:53:50,733533.0,734504.0,2020-03-25 00:53:50
2020-03-25 00:53:51,733533.0,734504.0,2020-03-25 00:53:51
2020-03-25 00:53:52,733533.0,734504.0,2020-03-25 00:53:52
2020-03-25 00:53:53,733533.0,734504.0,2020-03-25 00:53:53
2020-03-25 00:53:55,733533.0,734504.0,2020-03-25 00:53:54
2020-03-25 00:53:56,734200.0,734853.0,2020-03-25 00:53:56
2020-03-25 00:53:57,734200.0,734853.0,2020-03-25 00:53:57
2020-03-25 00:53:58,734200.0,734853.0,2020-03-25 00:53:58
2020-03-25 00:53:59,734200.0,734853.0,2020-03-25 00:53:59
2020-03-25 00:54:00,734200.0,734853.0,2020-03-25 00:54:00
2020-03-25 00:54:01,734200.0,734853.0,2020-03-25 00:54:01
2020-03-25 00:54:02,734200.0,734853.0,2020-03-25 00:54:02
2020-03-25 00:54:03,734200.0,734853.0,2020-03-25 00:54:03
2020-03-25 00:54:04,734200.0,734853.0,2020-03-25 00:54:04
2020-03-25 00:54:05,734601.0,735305.0,2020-03-25 00:54:05
2020-03-25 00:54:06,734601.0,735305.0,2020-03-25 00:54:06
2020-03-25 00:54:07,734601.0,735305.0,2020-03-25 00:54:07
2020-03-25 00:54:08,734601.0,735305.0,2020-03-25 00:54:08
2020-03-25 00:54:09,734601.0,735305.0,2020-03-25 00:54:09
2020-03-25 00:54:10,734601.0,735305.0,2020-03-25 00:54:10
2020-03-25 00:54:11,734601.0,735305.0,2020-03-25 00:54:11
2020-03-25 00:54:13,734601.0,735305.0,2020-03-25 00:54:12
2020-03-25 00:54:14,734601.0,735305.0,2020-03-25 00:54:14
2020-03-25 00:54:15,734601.0,735305.0,2020-03-25 00:54:15
2020-03-25 00:54:16,734601.0,735305.0,2020-03-25 00:54:16
2020-03-25 00:54:17,734601.0,735305.0,2020-03-25 00:54:17
2020-03-25 00:54:18,734817.0,735520.0,2020-03-25 00:54:18
2020-03-25 00:54:19,734817.0,735520.0,2020-03-25 00:54:19
2020-03-25 00:54:20,734817.0,735520.0,2020-03-25 00:54:20
2020-03-25 00:54:21,734817.0,735520.0,2020-03-25 00:54:21
2020-03-25 00:54:22,734817.0,735520.0,2020-03-25 00:54:22
2020-03-25 00:54:23,734817.0,735520.0,2020-03-25 00:54:23
2020-03-25 00:54:24,734817.0,735520.0,2020-03-25 00:54:24
2020-03-25 00:54:25,734817.0,735520.0,2020-03-25 00:54:25
2020-03-25 00:54:26,734636.0,735415.0,2020-03-25 00:54:26
2020-03-25 00:54:27,734636.0,735415.0,2020-03-25 00:54:27
2020-03-25 00:54:28,734636.0,735415.0,2020-03-25 00:54:28
2020-03-25 00:54:29,734636.0,735415.0,2020-03-25 00:54:29
2020-03-25 00:54:31,734636.0,735415.0,2020-03-25 00:54:31
2020-03-25 00:54:32,734636.0,735415.0,2020-03-25 00:54:32
2020-03-25 00:54:33,734636.0,735415.0,2020-03-25 00:54:33
2020-03-25 00:54:34,734636.0,735415.0,2020-03-25 00:54:34
2020-03-25 00:54:35,734636.0,735415.0,2020-03-25 00:54:35
2020-03-25 00:54:36,734636.0,735415.0,2020-03-25 00:54:36
2020-03-25 00:54:37,734636.0,735415.0,2020-03-25 00:54:37
2020-03-25 00:54:38,735901.0,736815.0,2020-03-25 00:54:38
2020-03-25 00:54:39,735901.0,736815.0,2020-03-25 00:54:39
2020-03-25 00:54:40,735901.0,736815.0,2020-03-25 00:54:40
2020-03-25 00:54:41,735901.0,736815.0,2020-03-25 00:54:41
2020-03-25 00:54:42,735901.0,736815.0,2020-03-25 00:54:42
2020-03-25 00:54:43,735901.0,736815.0,2020-03-25 00:54:43
2020-03-25 00:54:44,735901.0,736815.0,2020-03-25 00:54:44
2020-03-25 00:54:45,735901.0,736815.0,2020-03-25 00:54:45
2020-03-25 00:54:46,736442.0,736900.0,2020-03-25 00:54:46
2020-03-25 00:54:48,736442.0,736900.0,2020-03-25 00:54:47
2020-03-25 00:54:49,736442.0,736900.0,2020-03-25 00:54:49
2020-03-25 00:54:50,736442.0,736900.0,2020-03-25 00:54:50
2020-03-25 00:54:51,736442.0,736900.0,2020-03-25 00:54:51
2020-03-25 00:54:52,736442.0,736900.0,2020-03-25 00:54:52
2020-03-25 00:54:53,736442.0,736900.0,2020-03-25 00:54:53
2020-03-25 00:54:54,736442.0,736900.0,2020-03-25 00:54:54
2020-03-25 00:54:55,736442.0,736900.0,2020-03-25 00:54:55
2020-03-25 00:54:56,736442.0,736900.0,2020-03-25 00:54:56
2020-03-25 00:54:57,736500.0,736669.0,2020-03-25 00:54:57
2020-03-25 00:54:58,736500.0,736669.0,2020-03-25 00:54:58
2020-03-25 00:54:59,736500.0,736669.0,2020-03-25 00:54:59
2020-03-25 00:55:00,736500.0,736669.0,2020-03-25 00:55:00
2020-03-25 00:55:01,736500.0,736669.0,2020-03-25 00:55:01
2020-03-25 00:55:02,736500.0,736669.0,2020-03-25 00:55:02
2020-03-25 00:55:04,736500.0,736669.0,2020-03-25 00:55:03
2020-03-25 00:55:05,736500.0,736669.0,2020-03-25 00:55:05
2020-03-25 00:55:06,736225.0,736859.0,2020-03-25 00:55:06
2020-03-25 00:55:07,736225.0,736859.0,2020-03-25 00:55:07
2020-03-25 00:55:08,736225.0,736859.0,2020-03-25 00:55:08
2020-03-25 00:55:09,736225.0,736859.0,2020-03-25 00:55:09
2020-03-25 00:55:10,736225.0,736859.0,2020-03-25 00:55:10
2020-03-25 00:55:11,736225.0,736859.0,2020-03-25 00:55:11
2020-03-25 00:55:12,736225.0,736859.0,2020-03-25 00:55:12
2020-03-25 00:55:13,736225.0,736859.0,2020-03-25 00:55:13
2020-03-25 00:55:14,736225.0,736859.0,2020-03-25 00:55:14
2020-03-25 00:55:15,736225.0,736859.0,2020-03-25 00:55:15
2020-03-25 00:55:16,736225.0,736859.0,2020-03-25 00:55:16
2020-03-25 00:55:17,736225.0,736859.0,2020-03-25 00:55:17
2020-03-25 00:55:18,736507.0,736912.0,2020-03-25 00:55:18
2020-03-25 00:55:19,736507.0,736912.0,2020-03-25 00:55:19
2020-03-25 00:55:20,736507.0,736912.0,2020-03-25 00:55:20
2020-03-25 00:55:21,736507.0,736912.0,2020-03-25 00:55:21
2020-03-25 00:55:23,736507.0,736912.0,2020-03-25 00:55:22
2020-03-25 00:55:24,736507.0,736912.0,2020-03-25 00:55:24
2020-03-25 00:55:25,736507.0,736912.0,2020-03-25 00:55:25
2020-03-25 00:55:26,736507.0,736912.0,2020-03-25 00:55:26
2020-03-25 00:55:27,736507.0,736912.0,2020-03-25 00:55:27
2020-03-25 00:55:28,736709.0,737229.0,2020-03-25 00:55:28
2020-03-25 00:55:29,736709.0,737229.0,2020-03-25 00:55:29
2020-03-25 00:55:30,736709.0,737229.0,2020-03-25 00:55:30
2020-03-25 00:55:31,736709.0,737229.0,2020-03-25 00:55:31
2020-03-25 00:55:32,736709.0,737229.0,2020-03-25 00:55:32
2020-03-25 00:55:33,736709.0,737229.0,2020-03-25 00:55:33
2020-03-25 00:55:34,736709.0,737229.0,2020-03-25 00:55:34
2020-03-25 00:55:35,736709.0,737229.0,2020-03-25 00:55:35
2020-03-25 00:55:36,736709.0,737229.0,2020-03-25 00:55:36
2020-03-25 00:55:37,736771.0,737316.0,2020-03-25 00:55:37
2020-03-25 00:55:38,736771.0,737316.0,2020-03-25 00:55:38
2020-03-25 00:55:40,736771.0,737316.0,2020-03-25 00:55:39
2020-03-25 00:55:41,736771.0,737316.0,2020-03-25 00:55:41
2020-03-25 00:55:42,736771.0,737316.0,2020-03-25 00:55:42
2020-03-25 00:55:43,736771.0,737316.0,2020-03-25 00:55:43
2020-03-25 00:55:44,736771.0,737316.0,2020-03-25 00:55:44
2020-03-25 00:55:45,736771.0,737316.0,2020-03-25 00:55:45
2020-03-25 00:55:46,736036.0,736543.0,2020-03-25 00:55:46
2020-03-25 00:55:47,736036.0,736543.0,2020-03-25 00:55:47
2020-03-25 00:55:48,736036.0,736543.0,2020-03-25 00:55:48
2020-03-25 00:55:49,736036.0,736543.0,2020-03-25 00:55:49
2020-03-25 00:55:50,736036.0,736543.0,2020-03-25 00:55:50
2020-03-25 00:55:51,736036.0,736543.0,2020-03-25 00:55:51
2020-03-25 00:55:52,736036.0,736543.0,2020-03-25 00:55:52
2020-03-25 00:55:53,736036.0,736543.0,2020-03-25 00:55:53
2020-03-25 00:55:54,736036.0,736543.0,2020-03-25 00:55:54
2020-03-25 00:55:55,736036.0,736543.0,2020-03-25 00:55:55
2020-03-25 00:55:56,736036.0,736543.0,2020-03-25 00:55:56
2020-03-25 00:55:58,736128.0,736739.0,2020-03-25 00:55:57
2020-03-25 00:55:59,736128.0,736739.0,2020-03-25 00:55:59
2020-03-25 00:56:00,736128.0,736739.0,2020-03-25 00:56:00
2020-03-25 00:56:01,736128.0,736739.0,2020-03-25 00:56:01
2020-03-25 00:56:02,736128.0,736739.0,2020-03-25 00:56:02
2020-03-25 00:56:03,736128.0,736739.0,2020-03-25 00:56:03
2020-03-25 00:56:04,736128.0,736739.0,2020-03-25 00:56:04
2020-03-25 00:56:05,736128.0,736739.0,2020-03-25 00:56:05
2020-03-25 00:56:06,736199.0,736240.0,2020-03-25 00:56:06
2020-03-25 00:56:07,736199.0,736240.0,2020-03-25 00:56:07
2020-03-25 00:56:08,736199.0,736240.0,2020-03-25 00:56:08
2020-03-25 00:56:09,736199.0,736240.0,2020-03-25 00:56:09
2020-03-25 00:56:10,736199.0,736240.0,2020-03-25 00:56:10
2020-03-25 00:56:11,736199.0,736240.0,2020-03-25 00:56:11
2020-03-25 00:56:12,736199.0,736240.0,2020-03-25 00:56:12
2020-03-25 00:56:13,736199.0,736240.0,2020-03-25 00:56:13
2020-03-25 00:56:14,736199.0,736240.0,2020-03-25 00:56:14
2020-03-25 00:56:16,736199.0,736240.0,2020-03-25 00:56:15
2020-03-25 00:56:17,736342.0,736566.0,2020-03-25 00:56:17
2020-03-25 00:56:18,736342.0,736566.0,2020-03-25 00:56:18
2020-03-25 00:56:19,736342.0,736566.0,2020-03-25 00:56:19
2020-03-25 00:56:20,736342.0,736566.0,2020-03-25 00:56:20
2020-03-25 00:56:21,736342.0,736566.0,2020-03-25 00:56:21
2020-03-25 00:56:22,736342.0,736566.0,2020-03-25 00:56:22
2020-03-25 00:56:23,736342.0,736566.0,2020-03-25 00:56:23
2020-03-25 00:56:24,736342.0,736566.0,2020-03-25 00:56:24
2020-03-25 00:56:25,736342.0,736566.0,2020-03-25 00:56:25
2020-03-25 00:56:26,735912.0,736150.0,2020-03-25 00:56:26
2020-03-25 00:56:27,735912.0,736150.0,2020-03-25 00:56:27
2020-03-25 00:56:28,735912.0,736150.0,2020-03-25 00:56:28
2020-03-25 00:56:29,735912.0,736150.0,2020-03-25 00:56:29
2020-03-25 00:56:30,735912.0,736150.0,2020-03-25 00:56:30
2020-03-25 00:56:31,735912.0,736150.0,2020-03-25 00:56:31
2020-03-25 00:56:32,735912.0,736150.0,2020-03-25 00:56:32
2020-03-25 00:56:34,735912.0,736150.0,2020-03-25 00:56:33
2020-03-25 00:56:35,735912.0,736150.0,2020-03-25 00:56:35
2020-03-25 00:56:36,735912.0,736150.0,2020-03-25 00:56:36
2020-03-25 00:56:37,736211.0,736505.0,2020-03-25 00:56:37
2020-03-25 00:56:38,736211.0,736505.0,2020-03-25 00:56:38
2020-03-25 00:56:39,736211.0,736505.0,2020-03-25 00:56:39
2020-03-25 00:56:40,736211.0,736505.0,2020-03-25 00:56:40
2020-03-25 00:56:41,736211.0,736505.0,2020-03-25 00:56:41
2020-03-25 00:56:42,736211.0,736505.0,2020-03-25 00:56:42
2020-03-25 00:56:43,736211.0,736505.0,2020-03-25 00:56:43
2020-03-25 00:56:44,736211.0,736505.0,2020-03-25 00:56:44
2020-03-25 00:56:45,736211.0,736505.0,2020-03-25 00:56:45
2020-03-25 00:56:46,735989.0,736489.0,2020-03-25 00:56:46
2020-03-25 00:56:47,735989.0,736489.0,2020-03-25 00:56:47
2020-03-25 00:56:48,735989.0,736489.0,2020-03-25 00:56:48
2020-03-25 00:56:50,735989.0,736489.0,2020-03-25 00:56:49
2020-03-25 00:56:51,735989.0,736489.0,2020-03-25 00:56:51
2020-03-25 00:56:52,735989.0,736489.0,2020-03-25 00:56:52
2020-03-25 00:56:53,735989.0,736489.0,2020-03-25 00:56:53
2020-03-25 00:56:54,735989.0,736489.0,2020-03-25 00:56:54
2020-03-25 00:56:55,735989.0,736489.0,2020-03-25 00:56:55
2020-03-25 00:56:56,735958.0,736460.0,2020-03-25 00:56:56
2020-03-25 00:56:57,735958.0,736460.0,2020-03-25 00:56:57
2020-03-25 00:56:58,735958.0,736460.0,2020-03-25 00:56:58
2020-03-25 00:56:59,735958.0,736460.0,2020-03-25 00:56:59
2020-03-25 00:57:00,735958.0,736460.0,2020-03-25 00:57:00
2020-03-25 00:57:01,735958.0,736460.0,2020-03-25 00:57:01
2020-03-25 00:57:02,735958.0,736460.0,2020-03-25 00:57:02
2020-03-25 00:57:03,735958.0,736460.0,2020-03-25 00:57:03
2020-03-25 00:57:04,735958.0,736460.0,2020-03-25 00:57:04
2020-03-25 00:57:05,735958.0,736460.0,2020-03-25 00:57:05
2020-03-25 00:57:06,735878.0,736459.0,2020-03-25 00:57:06
2020-03-25 00:57:07,735878.0,736459.0,2020-03-25 00:57:07
2020-03-25 00:57:09,735878.0,736459.0,2020-03-25 00:57:08
2020-03-25 00:57:10,735878.0,736459.0,2020-03-25 00:57:10
2020-03-25 00:57:11,735878.0,736459.0,2020-03-25 00:57:11
2020-03-25 00:57:12,735878.0,736459.0,2020-03-25 00:57:12
2020-03-25 00:57:13,735878.0,736459.0,2020-03-25 00:57:13
2020-03-25 00:57:14,735878.0,736459.0,2020-03-25 00:57:14
2020-03-25 00:57:15,735878.0,736459.0,2020-03-25 00:57:15
2020-03-25 00:57:16,735878.0,736459.0,2020-03-25 00:57:16
2020-03-25 00:57:17,735914.0,736408.0,2020-03-25 00:57:17
2020-03-25 00:57:18,735914.0,736408.0,2020-03-25 00:57:18
2020-03-25 00:57:19,735914.0,736408.0,2020-03-25 00:57:19
2020-03-25 00:57:20,735914.0,736408.0,2020-03-25 00:57:20
2020-03-25 00:57:21,735914.0,736408.0,2020-03-25 00:57:21
2020-03-25 00:57:22,735914.0,736408.0,2020-03-25 00:57:22
2020-03-25 00:57:23,735914.0,736408.0,2020-03-25 00:57:23
2020-03-25 00:57:24,735914.0,736408.0,2020-03-25 00:57:24
2020-03-25 00:57:26,735914.0,736408.0,2020-03-25 00:57:25
2020-03-25 00:57:27,735914.0,736408.0,2020-03-25 00:57:27
2020-03-25 00:57:28,735914.0,736408.0,2020-03-25 00:57:28
2020-03-25 00:57:29,735879.0,736411.0,2020-03-25 00:57:29
2020-03-25 00:57:30,735879.0,736411.0,2020-03-25 00:57:30
2020-03-25 00:57:31,735879.0,736411.0,2020-03-25 00:57:31
2020-03-25 00:57:32,735879.0,736411.0,2020-03-25 00:57:32
2020-03-25 00:57:33,735879.0,736411.0,2020-03-25 00:57:33
2020-03-25 00:57:34,735879.0,736411.0,2020-03-25 00:57:34
2020-03-25 00:57:35,735879.0,736411.0,2020-03-25 00:57:35
2020-03-25 00:57:36,735889.0,736382.0,2020-03-25 00:57:36
2020-03-25 00:57:37,735889.0,736382.0,2020-03-25 00:57:37
2020-03-25 00:57:38,735889.0,736382.0,2020-03-25 00:57:38
2020-03-25 00:57:39,735889.0,736382.0,2020-03-25 00:57:39
2020-03-25 00:57:40,735889.0,736382.0,2020-03-25 00:57:40
2020-03-25 00:57:41,735889.0,736382.0,2020-03-25 00:57:41
2020-03-25 00:57:42,735889.0,736382.0,2020-03-25 00:57:42
2020-03-25 00:57:44,735889.0,736382.0,2020-03-25 00:57:43
2020-03-25 00:57:45,735889.0,736382.0,2020-03-25 00:57:45
2020-03-25 00:57:46,735890.0,736382.0,2020-03-25 00:57:46
2020-03-25 00:57:47,735890.0,736382.0,2020-03-25 00:57:47
2020-03-25 00:57:48,735890.0,736382.0,2020-03-25 00:57:48
2020-03-25 00:57:49,735890.0,736382.0,2020-03-25 00:57:49
2020-03-25 00:57:50,735890.0,736382.0,2020-03-25 00:57:50
2020-03-25 00:57:51,735890.0,736382.0,2020-03-25 00:57:51
2020-03-25 00:57:52,735890.0,736382.0,2020-03-25 00:57:52
2020-03-25 00:57:53,735890.0,736382.0,2020-03-25 00:57:53
2020-03-25 00:57:54,735890.0,736382.0,2020-03-25 00:57:54
2020-03-25 00:57:55,735890.0,736382.0,2020-03-25 00:57:55
2020-03-25 00:57:56,734564.0,735353.0,2020-03-25 00:57:56
2020-03-25 00:57:57,734564.0,735353.0,2020-03-25 00:57:57
2020-03-25 00:57:58,734564.0,735353.0,2020-03-25 00:57:58
2020-03-25 00:57:59,734564.0,735353.0,2020-03-25 00:57:59
2020-03-25 00:58:00,734564.0,735353.0,2020-03-25 00:58:00
2020-03-25 00:58:02,734564.0,735353.0,2020-03-25 00:58:01
2020-03-25 00:58:03,734564.0,735353.0,2020-03-25 00:58:03
2020-03-25 00:58:04,734564.0,735353.0,2020-03-25 00:58:04
2020-03-25 00:58:05,734730.0,735317.0,2020-03-25 00:58:05
2020-03-25 00:58:06,734730.0,735317.0,2020-03-25 00:58:06
2020-03-25 00:58:07,734730.0,735317.0,2020-03-25 00:58:07
2020-03-25 00:58:08,734730.0,735317.0,2020-03-25 00:58:08
2020-03-25 00:58:09,734730.0,735317.0,2020-03-25 00:58:09
2020-03-25 00:58:10,734730.0,735317.0,2020-03-25 00:58:10
2020-03-25 00:58:11,734730.0,735317.0,2020-03-25 00:58:11
