timestamp,bid,ask,tick_timestamp
2020-03-25 00:27:44,730240.0,730403.0,2020-03-25 00:27:43
2020-03-25 00:27:45,730240.0,730403.0,2020-03-25 00:27:45
2020-03-25 00:27:46,730240.0,730403.0,2020-03-25 00:27:46
2020-03-25 00:27:47,730013.0,730398.0,2020-03-25 00:27:47
2020-03-25 00:27:48,730013.0,730398.0,2020-03-25 00:27:48
2020-03-25 00:27:49,729615.0,729779.0,2020-03-25 00:27:49
2020-03-25 00:27:50,729615.0,729779.0,2020-03-25 00:27:50
2020-03-25 00:27:51,729647.0,729895.0,2020-03-25 00:27:51
2020-03-25 00:27:52,729647.0,729895.0,2020-03-25 00:27:52
2020-03-25 00:27:53,729592.0,729647.0,2020-03-25 00:27:53
2020-03-25 00:27:54,729592.0,729647.0,2020-03-25 00:27:54
2020-03-25 00:27:55,729078.0,729338.0,2020-03-25 00:27:55
2020-03-25 00:27:56,729078.0,729338.0,2020-03-25 00:27:56
2020-03-25 00:27:58,729199.0,729437.0,2020-03-25 00:27:57
2020-03-25 00:27:59,729199.0,729437.0,2020-03-25 00:27:59
2020-03-25 00:28:00,729242.0,729437.0,2020-03-25 00:28:00
2020-03-25 00:28:01,729242.0,729437.0,2020-03-25 00:28:01
2020-03-25 00:28:02,729242.0,729437.0,2020-03-25 00:28:02
2020-03-25 00:28:03,729242.0,729437.0,2020-03-25 00:28:03
2020-03-25 00:28:04,729172.0,729359.0,2020-03-25 00:28:04
2020-03-25 00:28:05,729172.0,729359.0,2020-03-25 00:28:05
2020-03-25 00:28:06,729290.0,729594.0,2020-03-25 00:28:06
2020-03-25 00:28:07,729290.0,729594.0,2020-03-25 00:28:07
2020-03-25 00:28:08,729183.0,729402.0,2020-03-25 00:28:08
2020-03-25 00:28:09,729183.0,729402.0,2020-03-25 00:28:09
2020-03-25 00:28:10,729178.0,729402.0,2020-03-25 00:28:10
2020-03-25 00:28:11,729178.0,729402.0,2020-03-25 00:28:11
2020-03-25 00:28:12,729501.0,729676.0,2020-03-25 00:28:12
2020-03-25 00:28:13,729501.0,729676.0,2020-03-25 00:28:13
2020-03-25 00:28:15,729866.0,730229.0,2020-03-25 00:28:14
2020-03-25 00:28:16,729866.0,730229.0,2020-03-25 00:28:16
2020-03-25 00:28:17,730305.0,730507.0,2020-03-25 00:28:17
2020-03-25 00:28:18,730305.0,730507.0,2020-03-25 00:28:18
2020-03-25 00:28:19,730278.0,730299.0,2020-03-25 00:28:19
2020-03-25 00:28:20,730278.0,730299.0,2020-03-25 00:28:20
2020-03-25 00:28:21,730278.0,730547.0,2020-03-25 00:28:21
2020-03-25 00:28:22,730278.0,730547.0,2020-03-25 00:28:22
2020-03-25 00:28:23,730071.0,730433.0,2020-03-25 00:28:23
2020-03-25 00:28:24,730071.0,730433.0,2020-03-25 00:28:24
2020-03-25 00:28:25,730071.0,730344.0,2020-03-25 00:28:25
2020-03-25 00:28:26,730071.0,730344.0,2020-03-25 00:28:26
2020-03-25 00:28:27,730071.0,730344.0,2020-03-25 00:28:27
2020-03-25 00:28:28,730071.0,730344.0,2020-03-25 00:28:28
2020-03-25 00:28:29,730071.0,730344.0,2020-03-25 00:28:29
2020-03-25 00:28:30,730071.0,730344.0,2020-03-25 00:28:30
2020-03-25 00:28:31,730071.0,730344.0,2020-03-25 00:28:31
2020-03-25 00:28:33,730071.0,730344.0,2020-03-25 00:28:32
2020-03-25 00:28:34,730071.0,730344.0,2020-03-25 00:28:34
2020-03-25 00:28:35,730071.0,730344.0,2020-03-25 00:28:35
2020-03-25 00:28:36,729488.0,729971.0,2020-03-25 00:28:36
2020-03-25 00:28:37,729488.0,729971.0,2020-03-25 00:28:37
2020-03-25 00:28:38,729529.0,729964.0,2020-03-25 00:28:38
2020-03-25 00:28:39,729529.0,729964.0,2020-03-25 00:28:39
2020-03-25 00:28:40,729541.0,729654.0,2020-03-25 00:28:40
2020-03-25 00:28:41,729541.0,729654.0,2020-03-25 00:28:41
2020-03-25 00:28:42,729918.0,730004.0,2020-03-25 00:28:42
2020-03-25 00:28:43,729918.0,730004.0,2020-03-25 00:28:43
2020-03-25 00:28:44,730196.0,730547.0,2020-03-25 00:28:44
2020-03-25 00:28:45,730196.0,730547.0,2020-03-25 00:28:45
2020-03-25 00:28:46,730145.0,730441.0,2020-03-25 00:28:46
2020-03-25 00:28:47,730145.0,730441.0,2020-03-25 00:28:47
2020-03-25 00:28:48,730195.0,730535.0,2020-03-25 00:28:48
2020-03-25 00:28:49,730195.0,730535.0,2020-03-25 00:28:49
2020-03-25 00:28:50,730079.0,730192.0,2020-03-25 00:28:50
2020-03-25 00:28:52,730079.0,730192.0,2020-03-25 00:28:51
2020-03-25 00:28:53,730079.0,730191.0,2020-03-25 00:28:53
2020-03-25 00:28:54,730079.0,730191.0,2020-03-25 00:28:54
2020-03-25 00:28:55,729957.0,730076.0,2020-03-25 00:28:55
2020-03-25 00:28:56,729957.0,730076.0,2020-03-25 00:28:56
2020-03-25 00:28:57,729957.0,730076.0,2020-03-25 00:28:57
2020-03-25 00:28:58,729957.0,730076.0,2020-03-25 00:28:58
2020-03-25 00:28:59,729414.0,729634.0,2020-03-25 00:28:59
2020-03-25 00:29:00,729414.0,729634.0,2020-03-25 00:29:00
2020-03-25 00:29:01,729500.0,729633.0,2020-03-25 00:29:01
2020-03-25 00:29:02,729500.0,729633.0,2020-03-25 00:29:02
2020-03-25 00:29:03,729639.0,729694.0,2020-03-25 00:29:03
2020-03-25 00:29:04,729639.0,729694.0,2020-03-25 00:29:04
2020-03-25 00:29:06,729520.0,729665.0,2020-03-25 00:29:05
2020-03-25 00:29:07,729520.0,729665.0,2020-03-25 00:29:07
2020-03-25 00:29:08,729520.0,729647.0,2020-03-25 00:29:08
2020-03-25 00:29:09,729520.0,729647.0,2020-03-25 00:29:09
2020-03-25 00:29:10,729583.0,729638.0,2020-03-25 00:29:10
2020-03-25 00:29:11,729583.0,729638.0,2020-03-25 00:29:11
2020-03-25 00:29:12,729544.0,729637.0,2020-03-25 00:29:12
2020-03-25 00:29:13,729544.0,729637.0,2020-03-25 00:29:13
2020-03-25 00:29:14,729723.0,729737.0,2020-03-25 00:29:14
2020-03-25 00:29:15,729723.0,729737.0,2020-03-25 00:29:15
2020-03-25 00:29:16,729723.0,729737.0,2020-03-25 00:29:16
2020-03-25 00:29:17,729723.0,729737.0,2020-03-25 00:29:17
2020-03-25 00:29:18,729723.0,729737.0,2020-03-25 00:29:18
2020-03-25 00:29:19,729723.0,729737.0,2020-03-25 00:29:19
2020-03-25 00:29:20,729723.0,729737.0,2020-03-25 00:29:20
2020-03-25 00:29:21,729723.0,729737.0,2020-03-25 00:29:21
2020-03-25 00:29:22,729723.0,729737.0,2020-03-25 00:29:22
2020-03-25 00:29:23,729723.0,729737.0,2020-03-25 00:29:23
2020-03-25 00:29:25,729892.0,730277.0,2020-03-25 00:29:24
2020-03-25 00:29:26,729892.0,730277.0,2020-03-25 00:29:26
2020-03-25 00:29:27,730142.0,730173.0,2020-03-25 00:29:27
2020-03-25 00:29:28,730142.0,730173.0,2020-03-25 00:29:28
2020-03-25 00:29:29,729914.0,730207.0,2020-03-25 00:29:29
2020-03-25 00:29:30,729914.0,730207.0,2020-03-25 00:29:30
2020-03-25 00:29:31,729921.0,730172.0,2020-03-25 00:29:31
2020-03-25 00:29:32,729921.0,730172.0,2020-03-25 00:29:32
2020-03-25 00:29:33,730290.0,730440.0,2020-03-25 00:29:33
2020-03-25 00:29:34,730290.0,730440.0,2020-03-25 00:29:34
2020-03-25 00:29:35,730207.0,730435.0,2020-03-25 00:29:35
2020-03-25 00:29:36,730207.0,730435.0,2020-03-25 00:29:36
2020-03-25 00:29:37,730059.0,730206.0,2020-03-25 00:29:37
2020-03-25 00:29:38,730059.0,730206.0,2020-03-25 00:29:38
2020-03-25 00:29:39,730055.0,730176.0,2020-03-25 00:29:39
2020-03-25 00:29:41,730055.0,730176.0,2020-03-25 00:29:40
2020-03-25 00:29:42,729772.0,729813.0,2020-03-25 00:29:42
2020-03-25 00:29:43,729772.0,729813.0,2020-03-25 00:29:43
2020-03-25 00:29:44,729664.0,729715.0,2020-03-25 00:29:44
2020-03-25 00:29:45,729664.0,729715.0,2020-03-25 00:29:45
2020-03-25 00:29:46,729670.0,729715.0,2020-03-25 00:29:46
2020-03-25 00:29:47,729670.0,729715.0,2020-03-25 00:29:47
2020-03-25 00:29:48,729670.0,729715.0,2020-03-25 00:29:48
2020-03-25 00:29:49,729670.0,729715.0,2020-03-25 00:29:49
2020-03-25 00:29:50,729514.0,729837.0,2020-03-25 00:29:50
2020-03-25 00:29:51,729514.0,729837.0,2020-03-25 00:29:51
2020-03-25 00:29:52,729637.0,729837.0,2020-03-25 00:29:52
2020-03-25 00:29:53,729637.0,729837.0,2020-03-25 00:29:53
2020-03-25 00:29:54,729637.0,729837.0,2020-03-25 00:29:54
2020-03-25 00:29:55,729637.0,729837.0,2020-03-25 00:29:55
2020-03-25 00:29:56,729975.0,730000.0,2020-03-25 00:29:56
2020-03-25 00:29:57,730011.0,730026.0,2020-03-25 00:29:57
2020-03-25 00:29:59,730011.0,730026.0,2020-03-25 00:29:58
2020-03-25 00:30:00,729839.0,730007.0,2020-03-25 00:30:00
2020-03-25 00:30:01,729839.0,730007.0,2020-03-25 00:30:01
2020-03-25 00:30:02,729778.0,729811.0,2020-03-25 00:30:02
2020-03-25 00:30:03,729729.0,729835.0,2020-03-25 00:30:03
2020-03-25 00:30:04,729744.0,729776.0,2020-03-25 00:30:04
2020-03-25 00:30:05,729744.0,729776.0,2020-03-25 00:30:05
2020-03-25 00:30:06,729669.0,729776.0,2020-03-25 00:30:06
2020-03-25 00:30:07,729669.0,729776.0,2020-03-25 00:30:07
2020-03-25 00:30:08,729669.0,729776.0,2020-03-25 00:30:08
2020-03-25 00:30:09,729669.0,729776.0,2020-03-25 00:30:09
2020-03-25 00:30:10,729669.0,729776.0,2020-03-25 00:30:10
2020-03-25 00:30:11,729669.0,729776.0,2020-03-25 00:30:11
2020-03-25 00:30:12,729662.0,729802.0,2020-03-25 00:30:12
2020-03-25 00:30:13,729662.0,729802.0,2020-03-25 00:30:13
2020-03-25 00:30:15,729662.0,729802.0,2020-03-25 00:30:14
2020-03-25 00:30:16,729662.0,729802.0,2020-03-25 00:30:16
2020-03-25 00:30:17,729861.0,729968.0,2020-03-25 00:30:17
2020-03-25 00:30:18,729861.0,729968.0,2020-03-25 00:30:18
2020-03-25 00:30:19,729694.0,729776.0,2020-03-25 00:30:19
2020-03-25 00:30:20,729694.0,729776.0,2020-03-25 00:30:20
2020-03-25 00:30:21,729667.0,729776.0,2020-03-25 00:30:21
2020-03-25 00:30:22,729667.0,729776.0,2020-03-25 00:30:22
2020-03-25 00:30:23,729897.0,729952.0,2020-03-25 00:30:23
2020-03-25 00:30:24,729897.0,729952.0,2020-03-25 00:30:24
2020-03-25 00:30:25,729668.0,729834.0,2020-03-25 00:30:25
2020-03-25 00:30:26,729668.0,729834.0,2020-03-25 00:30:26
2020-03-25 00:30:27,729827.0,730074.0,2020-03-25 00:30:27
2020-03-25 00:30:28,729827.0,730074.0,2020-03-25 00:30:28
2020-03-25 00:30:29,729958.0,730078.0,2020-03-25 00:30:29
2020-03-25 00:30:30,729958.0,730078.0,2020-03-25 00:30:30
2020-03-25 00:30:31,729757.0,729831.0,2020-03-25 00:30:31
2020-03-25 00:30:32,729757.0,729831.0,2020-03-25 00:30:32
2020-03-25 00:30:34,729757.0,729945.0,2020-03-25 00:30:33
2020-03-25 00:30:35,729757.0,729945.0,2020-03-25 00:30:35
2020-03-25 00:30:36,729757.0,729868.0,2020-03-25 00:30:36
2020-03-25 00:30:37,729757.0,729868.0,2020-03-25 00:30:37
2020-03-25 00:30:38,729757.0,729869.0,2020-03-25 00:30:38
2020-03-25 00:30:39,729757.0,729869.0,2020-03-25 00:30:39
2020-03-25 00:30:40,729233.0,729514.0,2020-03-25 00:30:40
2020-03-25 00:30:41,729233.0,729514.0,2020-03-25 00:30:41
2020-03-25 00:30:42,729288.0,729427.0,2020-03-25 00:30:42
2020-03-25 00:30:43,729288.0,729427.0,2020-03-25 00:30:43
2020-03-25 00:30:44,729128.0,729283.0,2020-03-25 00:30:44
2020-03-25 00:30:45,729128.0,729283.0,2020-03-25 00:30:45
2020-03-25 00:30:46,729133.0,729336.0,2020-03-25 00:30:46
2020-03-25 00:30:47,729133.0,729336.0,2020-03-25 00:30:47
2020-03-25 00:30:48,729138.0,729248.0,2020-03-25 00:30:48
2020-03-25 00:30:49,729138.0,729248.0,2020-03-25 00:30:49
2020-03-25 00:30:51,728841.0,728882.0,2020-03-25 00:30:50
2020-03-25 00:30:52,728841.0,728882.0,2020-03-25 00:30:52
2020-03-25 00:30:53,729005.0,729094.0,2020-03-25 00:30:53
2020-03-25 00:30:54,729005.0,729094.0,2020-03-25 00:30:54
2020-03-25 00:30:55,729005.0,729106.0,2020-03-25 00:30:55
2020-03-25 00:30:56,729005.0,729106.0,2020-03-25 00:30:56
2020-03-25 00:30:57,729005.0,729106.0,2020-03-25 00:30:57
2020-03-25 00:30:58,729005.0,729106.0,2020-03-25 00:30:58
2020-03-25 00:30:59,729005.0,729106.0,2020-03-25 00:30:59
2020-03-25 00:31:00,729005.0,729106.0,2020-03-25 00:31:00
2020-03-25 00:31:01,729005.0,729106.0,2020-03-25 00:31:01
2020-03-25 00:31:02,729005.0,729106.0,2020-03-25 00:31:02
2020-03-25 00:31:03,728841.0,729059.0,2020-03-25 00:31:03
2020-03-25 00:31:04,728841.0,729059.0,2020-03-25 00:31:04
2020-03-25 00:31:05,728854.0,729047.0,2020-03-25 00:31:05
2020-03-25 00:31:07,728854.0,729047.0,2020-03-25 00:31:06
2020-03-25 00:31:08,728332.0,728629.0,2020-03-25 00:31:08
2020-03-25 00:31:09,728332.0,728629.0,2020-03-25 00:31:09
2020-03-25 00:31:10,728406.0,728587.0,2020-03-25 00:31:10
2020-03-25 00:31:11,728406.0,728587.0,2020-03-25 00:31:11
2020-03-25 00:31:12,728457.0,728641.0,2020-03-25 00:31:12
2020-03-25 00:31:13,728457.0,728641.0,2020-03-25 00:31:13
2020-03-25 00:31:14,728592.0,728781.0,2020-03-25 00:31:14
2020-03-25 00:31:15,728592.0,728781.0,2020-03-25 00:31:15
2020-03-25 00:31:16,728611.0,728781.0,2020-03-25 00:31:16
2020-03-25 00:31:17,728611.0,728781.0,2020-03-25 00:31:17
2020-03-25 00:31:18,728663.0,728709.0,2020-03-25 00:31:18
2020-03-25 00:31:19,728663.0,728709.0,2020-03-25 00:31:19
2020-03-25 00:31:20,728359.0,728663.0,2020-03-25 00:31:20
2020-03-25 00:31:22,728359.0,728663.0,2020-03-25 00:31:21
2020-03-25 00:31:23,728359.0,728414.0,2020-03-25 00:31:23
2020-03-25 00:31:24,728359.0,728414.0,2020-03-25 00:31:24
2020-03-25 00:31:25,728784.0,728940.0,2020-03-25 00:31:25
2020-03-25 00:31:26,728784.0,728940.0,2020-03-25 00:31:26
2020-03-25 00:31:27,728839.0,728990.0,2020-03-25 00:31:27
2020-03-25 00:31:28,728839.0,728990.0,2020-03-25 00:31:28
2020-03-25 00:31:29,728630.0,728761.0,2020-03-25 00:31:29
2020-03-25 00:31:30,728630.0,728761.0,2020-03-25 00:31:30
2020-03-25 00:31:31,728590.0,728761.0,2020-03-25 00:31:31
2020-03-25 00:31:32,728590.0,728761.0,2020-03-25 00:31:32
2020-03-25 00:31:33,728592.0,728718.0,2020-03-25 00:31:33
2020-03-25 00:31:34,728592.0,728718.0,2020-03-25 00:31:34
2020-03-25 00:31:35,728543.0,728589.0,2020-03-25 00:31:35
2020-03-25 00:31:36,728543.0,728589.0,2020-03-25 00:31:36
2020-03-25 00:31:37,728543.0,728589.0,2020-03-25 00:31:37
2020-03-25 00:31:38,728543.0,728589.0,2020-03-25 00:31:38
2020-03-25 00:31:39,728341.0,728560.0,2020-03-25 00:31:39
2020-03-25 00:31:40,728341.0,728560.0,2020-03-25 00:31:40
2020-03-25 00:31:42,728323.0,728469.0,2020-03-25 00:31:41
2020-03-25 00:31:43,728323.0,728469.0,2020-03-25 00:31:43
2020-03-25 00:31:44,728196.0,728259.0,2020-03-25 00:31:44
2020-03-25 00:31:45,728196.0,728259.0,2020-03-25 00:31:45
2020-03-25 00:31:46,728257.0,728421.0,2020-03-25 00:31:46
2020-03-25 00:31:47,728358.0,728553.0,2020-03-25 00:31:47
2020-03-25 00:31:48,728358.0,728553.0,2020-03-25 00:31:48
2020-03-25 00:31:49,728358.0,728658.0,2020-03-25 00:31:49
2020-03-25 00:31:50,728358.0,728658.0,2020-03-25 00:31:50
2020-03-25 00:31:51,728358.0,728658.0,2020-03-25 00:31:51
2020-03-25 00:31:52,728358.0,728658.0,2020-03-25 00:31:52
2020-03-25 00:31:53,728358.0,728658.0,2020-03-25 00:31:53
2020-03-25 00:31:54,728358.0,728658.0,2020-03-25 00:31:54
2020-03-25 00:31:55,728358.0,728493.0,2020-03-25 00:31:55
2020-03-25 00:31:56,728358.0,728493.0,2020-03-25 00:31:56
2020-03-25 00:31:58,728358.0,728493.0,2020-03-25 00:31:57
2020-03-25 00:31:59,728358.0,728493.0,2020-03-25 00:31:59
2020-03-25 00:32:00,728578.0,728684.0,2020-03-25 00:32:00
2020-03-25 00:32:01,728578.0,728684.0,2020-03-25 00:32:01
2020-03-25 00:32:02,728578.0,728684.0,2020-03-25 00:32:02
2020-03-25 00:32:03,728578.0,728684.0,2020-03-25 00:32:03
2020-03-25 00:32:04,728789.0,728800.0,2020-03-25 00:32:04
2020-03-25 00:32:05,728789.0,728800.0,2020-03-25 00:32:05
2020-03-25 00:32:06,728449.0,728822.0,2020-03-25 00:32:06
2020-03-25 00:32:07,728449.0,728822.0,2020-03-25 00:32:07
2020-03-25 00:32:08,728786.0,728822.0,2020-03-25 00:32:08
2020-03-25 00:32:09,728786.0,728822.0,2020-03-25 00:32:09
2020-03-25 00:32:10,728796.0,728876.0,2020-03-25 00:32:10
2020-03-25 00:32:11,728796.0,728876.0,2020-03-25 00:32:11
2020-03-25 00:32:12,728908.0,728990.0,2020-03-25 00:32:12
2020-03-25 00:32:13,728908.0,728990.0,2020-03-25 00:32:13
2020-03-25 00:32:14,728786.0,728990.0,2020-03-25 00:32:14
2020-03-25 00:32:15,728786.0,728990.0,2020-03-25 00:32:15
2020-03-25 00:32:16,728786.0,728990.0,2020-03-25 00:32:16
2020-03-25 00:32:18,728786.0,728990.0,2020-03-25 00:32:17
2020-03-25 00:32:19,728786.0,728833.0,2020-03-25 00:32:19
2020-03-25 00:32:20,728786.0,728833.0,2020-03-25 00:32:20
2020-03-25 00:32:21,728786.0,728788.0,2020-03-25 00:32:21
2020-03-25 00:32:22,728786.0,728788.0,2020-03-25 00:32:22
2020-03-25 00:32:23,728786.0,728790.0,2020-03-25 00:32:23
2020-03-25 00:32:24,728786.0,728790.0,2020-03-25 00:32:24
2020-03-25 00:32:25,728648.0,728665.0,2020-03-25 00:32:25
2020-03-25 00:32:26,728648.0,728665.0,2020-03-25 00:32:26
2020-03-25 00:32:27,728648.0,728665.0,2020-03-25 00:32:27
2020-03-25 00:32:28,728648.0,728665.0,2020-03-25 00:32:28
2020-03-25 00:32:29,728648.0,728665.0,2020-03-25 00:32:29
2020-03-25 00:32:30,728648.0,728665.0,2020-03-25 00:32:30
2020-03-25 00:32:31,728648.0,728665.0,2020-03-25 00:32:31
2020-03-25 00:32:32,728648.0,728665.0,2020-03-25 00:32:32
2020-03-25 00:32:33,728648.0,728665.0,2020-03-25 00:32:33
2020-03-25 00:32:35,728648.0,728665.0,2020-03-25 00:32:34
2020-03-25 00:32:36,728005.0,728078.0,2020-03-25 00:32:36
2020-03-25 00:32:37,728005.0,728078.0,2020-03-25 00:32:37
2020-03-25 00:32:38,728000.0,728057.0,2020-03-25 00:32:38
2020-03-25 00:32:39,728000.0,728057.0,2020-03-25 00:32:39
2020-03-25 00:32:40,727934.0,728000.0,2020-03-25 00:32:40
2020-03-25 00:32:41,727934.0,728000.0,2020-03-25 00:32:41
2020-03-25 00:32:42,727934.0,728000.0,2020-03-25 00:32:42
2020-03-25 00:32:43,727934.0,728000.0,2020-03-25 00:32:43
2020-03-25 00:32:44,727934.0,728000.0,2020-03-25 00:32:44
2020-03-25 00:32:45,727934.0,728000.0,2020-03-25 00:32:45
2020-03-25 00:32:46,727934.0,727992.0,2020-03-25 00:32:46
2020-03-25 00:32:47,727934.0,727992.0,2020-03-25 00:32:47
2020-03-25 00:32:48,727934.0,727985.0,2020-03-25 00:32:48
2020-03-25 00:32:49,727934.0,727985.0,2020-03-25 00:32:49
2020-03-25 00:32:50,728191.0,728608.0,2020-03-25 00:32:50
2020-03-25 00:32:52,728191.0,728608.0,2020-03-25 00:32:51
2020-03-25 00:32:53,728409.0,728480.0,2020-03-25 00:32:53
2020-03-25 00:32:54,728409.0,728480.0,2020-03-25 00:32:54
2020-03-25 00:32:55,728400.0,728480.0,2020-03-25 00:32:55
2020-03-25 00:32:56,728400.0,728480.0,2020-03-25 00:32:56
2020-03-25 00:32:57,728400.0,728480.0,2020-03-25 00:32:57
2020-03-25 00:32:58,728400.0,728480.0,2020-03-25 00:32:58
2020-03-25 00:32:59,728630.0,728631.0,2020-03-25 00:32:59
2020-03-25 00:33:00,728630.0,728631.0,2020-03-25 00:33:00
2020-03-25 00:33:01,728400.0,728437.0,2020-03-25 00:33:01
2020-03-25 00:33:02,728400.0,728437.0,2020-03-25 00:33:02
2020-03-25 00:33:03,728492.0,728800.0,2020-03-25 00:33:03
2020-03-25 00:33:04,728492.0,728800.0,2020-03-25 00:33:04
2020-03-25 00:33:05,728506.0,728784.0,2020-03-25 00:33:05
2020-03-25 00:33:06,728506.0,728784.0,2020-03-25 00:33:06
2020-03-25 00:33:07,728741.0,728779.0,2020-03-25 00:33:07
2020-03-25 00:33:08,728741.0,728779.0,2020-03-25 00:33:08
2020-03-25 00:33:09,728739.0,728827.0,2020-03-25 00:33:09
2020-03-25 00:33:10,728739.0,728827.0,2020-03-25 00:33:10
2020-03-25 00:33:12,728740.0,728787.0,2020-03-25 00:33:11
2020-03-25 00:33:13,728740.0,728787.0,2020-03-25 00:33:13
2020-03-25 00:33:14,728922.0,729013.0,2020-03-25 00:33:14
2020-03-25 00:33:15,728922.0,729013.0,2020-03-25 00:33:15
2020-03-25 00:33:16,728722.0,729012.0,2020-03-25 00:33:16
2020-03-25 00:33:17,728722.0,729012.0,2020-03-25 00:33:17
2020-03-25 00:33:18,728722.0,729012.0,2020-03-25 00:33:18
2020-03-25 00:33:19,728722.0,729012.0,2020-03-25 00:33:19
2020-03-25 00:33:20,728722.0,729012.0,2020-03-25 00:33:20
2020-03-25 00:33:21,728722.0,729012.0,2020-03-25 00:33:21
2020-03-25 00:33:22,728722.0,729012.0,2020-03-25 00:33:22
2020-03-25 00:33:23,728722.0,729012.0,2020-03-25 00:33:23
2020-03-25 00:33:24,728722.0,729000.0,2020-03-25 00:33:24
2020-03-25 00:33:25,728722.0,729000.0,2020-03-25 00:33:25
2020-03-25 00:33:26,728593.0,728813.0,2020-03-25 00:33:26
2020-03-25 00:33:27,728593.0,728813.0,2020-03-25 00:33:27
2020-03-25 00:33:28,728593.0,728813.0,2020-03-25 00:33:28
2020-03-25 00:33:29,728593.0,728813.0,2020-03-25 00:33:29
2020-03-25 00:33:31,728436.0,728559.0,2020-03-25 00:33:30
2020-03-25 00:33:32,728436.0,728559.0,2020-03-25 00:33:32
2020-03-25 00:33:33,728436.0,728441.0,2020-03-25 00:33:33
2020-03-25 00:33:34,728436.0,728441.0,2020-03-25 00:33:34
2020-03-25 00:33:35,727934.0,728137.0,2020-03-25 00:33:35
2020-03-25 00:33:36,727934.0,728137.0,2020-03-25 00:33:36
2020-03-25 00:33:37,727602.0,727743.0,2020-03-25 00:33:37
2020-03-25 00:33:38,727602.0,727743.0,2020-03-25 00:33:38
2020-03-25 00:33:39,727590.0,727740.0,2020-03-25 00:33:39
2020-03-25 00:33:40,727590.0,727740.0,2020-03-25 00:33:40
2020-03-25 00:33:41,727645.0,727774.0,2020-03-25 00:33:41
2020-03-25 00:33:42,727645.0,727774.0,2020-03-25 00:33:42
2020-03-25 00:33:43,727519.0,727809.0,2020-03-25 00:33:43
2020-03-25 00:33:44,727519.0,727809.0,2020-03-25 00:33:44
2020-03-25 00:33:45,727525.0,727809.0,2020-03-25 00:33:45
2020-03-25 00:33:46,727525.0,727809.0,2020-03-25 00:33:46
2020-03-25 00:33:47,727991.0,728112.0,2020-03-25 00:33:47
2020-03-25 00:33:48,727991.0,728112.0,2020-03-25 00:33:48
2020-03-25 00:33:50,728002.0,728051.0,2020-03-25 00:33:49
2020-03-25 00:33:51,728002.0,728051.0,2020-03-25 00:33:51
2020-03-25 00:33:52,728002.0,728113.0,2020-03-25 00:33:52
2020-03-25 00:33:53,728002.0,728113.0,2020-03-25 00:33:53
2020-03-25 00:33:54,728000.0,728173.0,2020-03-25 00:33:54
2020-03-25 00:33:55,728000.0,728173.0,2020-03-25 00:33:55
2020-03-25 00:33:56,728277.0,728371.0,2020-03-25 00:33:56
2020-03-25 00:33:57,728277.0,728371.0,2020-03-25 00:33:57
2020-03-25 00:33:58,728277.0,728371.0,2020-03-25 00:33:58
2020-03-25 00:33:59,728277.0,728371.0,2020-03-25 00:33:59
2020-03-25 00:34:00,728278.0,728523.0,2020-03-25 00:34:00
2020-03-25 00:34:01,728278.0,728523.0,2020-03-25 00:34:01
2020-03-25 00:34:02,728354.0,728594.0,2020-03-25 00:34:02
2020-03-25 00:34:03,728354.0,728594.0,2020-03-25 00:34:03
2020-03-25 00:34:04,728752.0,728926.0,2020-03-25 00:34:04
2020-03-25 00:34:05,728752.0,728926.0,2020-03-25 00:34:05
2020-03-25 00:34:06,728752.0,728926.0,2020-03-25 00:34:06
2020-03-25 00:34:07,728752.0,728926.0,2020-03-25 00:34:07
2020-03-25 00:34:09,728752.0,728926.0,2020-03-25 00:34:08
2020-03-25 00:34:10,728752.0,728926.0,2020-03-25 00:34:10
2020-03-25 00:34:11,728752.0,728926.0,2020-03-25 00:34:11
2020-03-25 00:34:12,728752.0,728926.0,2020-03-25 00:34:12
2020-03-25 00:34:13,728752.0,728926.0,2020-03-25 00:34:13
2020-03-25 00:34:14,728752.0,728926.0,2020-03-25 00:34:14
2020-03-25 00:34:15,728752.0,728926.0,2020-03-25 00:34:15
2020-03-25 00:34:16,728752.0,728926.0,2020-03-25 00:34:16
2020-03-25 00:34:17,728752.0,728926.0,2020-03-25 00:34:17
2020-03-25 00:34:18,728752.0,728926.0,2020-03-25 00:34:18
2020-03-25 00:34:19,728752.0,728926.0,2020-03-25 00:34:19
2020-03-25 00:34:20,728752.0,728926.0,2020-03-25 00:34:20
2020-03-25 00:34:21,729803.0,729847.0,2020-03-25 00:34:21
2020-03-25 00:34:22,729803.0,729847.0,2020-03-25 00:34:22
2020-03-25 00:34:23,729803.0,729847.0,2020-03-25 00:34:23
2020-03-25 00:34:24,729803.0,729847.0,2020-03-25 00:34:24
2020-03-25 00:34:25,729939.0,730059.0,2020-03-25 00:34:25
2020-03-25 00:34:26,729939.0,730059.0,2020-03-25 00:34:26
2020-03-25 00:34:27,729827.0,730058.0,2020-03-25 00:34:27
2020-03-25 00:34:29,729827.0,730058.0,2020-03-25 00:34:28
2020-03-25 00:34:30,729712.0,730070.0,2020-03-25 00:34:30
2020-03-25 00:34:31,729712.0,730070.0,2020-03-25 00:34:31
2020-03-25 00:34:32,729707.0,729883.0,2020-03-25 00:34:32
2020-03-25 00:34:33,729707.0,729883.0,2020-03-25 00:34:33
2020-03-25 00:34:34,729553.0,729999.0,2020-03-25 00:34:34
2020-03-25 00:34:35,729553.0,729999.0,2020-03-25 00:34:35
2020-03-25 00:34:36,729742.0,729851.0,2020-03-25 00:34:36
2020-03-25 00:34:37,729742.0,729851.0,2020-03-25 00:34:37
2020-03-25 00:34:38,729688.0,729851.0,2020-03-25 00:34:38
2020-03-25 00:34:39,729688.0,729851.0,2020-03-25 00:34:39
2020-03-25 00:34:40,729733.0,729904.0,2020-03-25 00:34:40
2020-03-25 00:34:41,729733.0,729904.0,2020-03-25 00:34:41
2020-03-25 00:34:42,730096.0,730372.0,2020-03-25 00:34:42
2020-03-25 00:34:43,730096.0,730372.0,2020-03-25 00:34:43
2020-03-25 00:34:44,729901.0,729903.0,2020-03-25 00:34:44
2020-03-25 00:34:45,729901.0,729903.0,2020-03-25 00:34:45
2020-03-25 00:34:47,729806.0,729903.0,2020-03-25 00:34:46
2020-03-25 00:34:48,729806.0,729903.0,2020-03-25 00:34:48
2020-03-25 00:34:49,729543.0,729653.0,2020-03-25 00:34:49
2020-03-25 00:34:50,729543.0,729653.0,2020-03-25 00:34:50
2020-03-25 00:34:51,729543.0,729653.0,2020-03-25 00:34:51
2020-03-25 00:34:52,729543.0,729653.0,2020-03-25 00:34:52
2020-03-25 00:34:53,729543.0,729653.0,2020-03-25 00:34:53
2020-03-25 00:34:54,729543.0,729653.0,2020-03-25 00:34:54
2020-03-25 00:34:55,729543.0,729653.0,2020-03-25 00:34:55
2020-03-25 00:34:56,729543.0,729653.0,2020-03-25 00:34:56
2020-03-25 00:34:57,729543.0,729653.0,2020-03-25 00:34:57
2020-03-25 00:34:58,729543.0,729653.0,2020-03-25 00:34:58
2020-03-25 00:34:59,730288.0,730524.0,2020-03-25 00:34:59
2020-03-25 00:35:00,730288.0,730524.0,2020-03-25 00:35:00
2020-03-25 00:35:01,730109.0,730500.0,2020-03-25 00:35:01
2020-03-25 00:35:02,730109.0,730500.0,2020-03-25 00:35:02
2020-03-25 00:35:03,730217.0,730500.0,2020-03-25 00:35:03
2020-03-25 00:35:05,730217.0,730500.0,2020-03-25 00:35:04
2020-03-25 00:35:06,730322.0,730500.0,2020-03-25 00:35:06
2020-03-25 00:35:07,730322.0,730500.0,2020-03-25 00:35:07
2020-03-25 00:35:08,730411.0,730784.0,2020-03-25 00:35:08
2020-03-25 00:35:09,730411.0,730784.0,2020-03-25 00:35:09
2020-03-25 00:35:10,730730.0,730876.0,2020-03-25 00:35:10
2020-03-25 00:35:11,730730.0,730876.0,2020-03-25 00:35:11
2020-03-25 00:35:12,730840.0,730881.0,2020-03-25 00:35:12
2020-03-25 00:35:13,730840.0,730881.0,2020-03-25 00:35:13
2020-03-25 00:35:14,731045.0,731241.0,2020-03-25 00:35:14
2020-03-25 00:35:15,731045.0,731241.0,2020-03-25 00:35:15
2020-03-25 00:35:16,730888.0,731228.0,2020-03-25 00:35:16
2020-03-25 00:35:17,730888.0,731228.0,2020-03-25 00:35:17
2020-03-25 00:35:18,730825.0,731034.0,2020-03-25 00:35:18
2020-03-25 00:35:19,730825.0,731034.0,2020-03-25 00:35:19
2020-03-25 00:35:20,730825.0,730894.0,2020-03-25 00:35:20
2020-03-25 00:35:21,730825.0,730894.0,2020-03-25 00:35:21
2020-03-25 00:35:23,730753.0,730903.0,2020-03-25 00:35:22
2020-03-25 00:35:24,730753.0,730903.0,2020-03-25 00:35:24
2020-03-25 00:35:25,730856.0,731102.0,2020-03-25 00:35:25
2020-03-25 00:35:26,730856.0,731102.0,2020-03-25 00:35:26
2020-03-25 00:35:27,730856.0,731060.0,2020-03-25 00:35:27
2020-03-25 00:35:28,730856.0,731060.0,2020-03-25 00:35:28
2020-03-25 00:35:29,730864.0,731060.0,2020-03-25 00:35:29
2020-03-25 00:35:30,730864.0,731060.0,2020-03-25 00:35:30
2020-03-25 00:35:31,730914.0,731256.0,2020-03-25 00:35:31
2020-03-25 00:35:32,730914.0,731256.0,2020-03-25 00:35:32
2020-03-25 00:35:33,730914.0,731128.0,2020-03-25 00:35:33
2020-03-25 00:35:34,730914.0,731128.0,2020-03-25 00:35:34
2020-03-25 00:35:35,730741.0,730837.0,2020-03-25 00:35:35
2020-03-25 00:35:36,730741.0,730837.0,2020-03-25 00:35:36
2020-03-25 00:35:37,730645.0,730838.0,2020-03-25 00:35:37
2020-03-25 00:35:38,730645.0,730838.0,2020-03-25 00:35:38
2020-03-25 00:35:40,730645.0,730737.0,2020-03-25 00:35:39
2020-03-25 00:35:41,730645.0,730737.0,2020-03-25 00:35:41
2020-03-25 00:35:42,730645.0,730737.0,2020-03-25 00:35:42
2020-03-25 00:35:43,730645.0,730737.0,2020-03-25 00:35:43
2020-03-25 00:35:44,730645.0,730737.0,2020-03-25 00:35:44
2020-03-25 00:35:45,730645.0,730737.0,2020-03-25 00:35:45
2020-03-25 00:35:46,730645.0,730737.0,2020-03-25 00:35:46
2020-03-25 00:35:47,730645.0,730737.0,2020-03-25 00:35:47
2020-03-25 00:35:48,730645.0,730737.0,2020-03-25 00:35:48
2020-03-25 00:35:49,730649.0,730838.0,2020-03-25 00:35:49
2020-03-25 00:35:50,730649.0,730838.0,2020-03-25 00:35:50
2020-03-25 00:35:51,730676.0,730932.0,2020-03-25 00:35:51
2020-03-25 00:35:52,730676.0,730932.0,2020-03-25 00:35:52
2020-03-25 00:35:53,730972.0,731121.0,2020-03-25 00:35:53
2020-03-25 00:35:54,730972.0,731121.0,2020-03-25 00:35:54
2020-03-25 00:35:55,730913.0,731175.0,2020-03-25 00:35:55
2020-03-25 00:35:56,730913.0,731175.0,2020-03-25 00:35:56
2020-03-25 00:35:58,730863.0,731147.0,2020-03-25 00:35:57
2020-03-25 00:35:59,730863.0,731147.0,2020-03-25 00:35:59
2020-03-25 00:36:00,730863.0,731142.0,2020-03-25 00:36:00
2020-03-25 00:36:01,730863.0,731142.0,2020-03-25 00:36:01
2020-03-25 00:36:02,730870.0,731373.0,2020-03-25 00:36:02
2020-03-25 00:36:03,730870.0,731373.0,2020-03-25 00:36:03
2020-03-25 00:36:04,730883.0,731343.0,2020-03-25 00:36:04
2020-03-25 00:36:05,730883.0,731343.0,2020-03-25 00:36:05
2020-03-25 00:36:06,731271.0,731558.0,2020-03-25 00:36:06
2020-03-25 00:36:07,731271.0,731558.0,2020-03-25 00:36:07
2020-03-25 00:36:08,731271.0,731558.0,2020-03-25 00:36:08
2020-03-25 00:36:09,731271.0,731558.0,2020-03-25 00:36:09
2020-03-25 00:36:10,731271.0,731582.0,2020-03-25 00:36:10
2020-03-25 00:36:11,731271.0,731582.0,2020-03-25 00:36:11
2020-03-25 00:36:12,730636.0,730641.0,2020-03-25 00:36:12
2020-03-25 00:36:14,730636.0,730641.0,2020-03-25 00:36:13
2020-03-25 00:36:15,730606.0,730967.0,2020-03-25 00:36:15
2020-03-25 00:36:16,730606.0,730967.0,2020-03-25 00:36:16
2020-03-25 00:36:17,731033.0,731034.0,2020-03-25 00:36:17
2020-03-25 00:36:18,731033.0,731034.0,2020-03-25 00:36:18
2020-03-25 00:36:19,730634.0,731034.0,2020-03-25 00:36:19
2020-03-25 00:36:20,730634.0,731034.0,2020-03-25 00:36:20
2020-03-25 00:36:21,731056.0,731352.0,2020-03-25 00:36:21
2020-03-25 00:36:22,731056.0,731352.0,2020-03-25 00:36:22
2020-03-25 00:36:23,731056.0,731202.0,2020-03-25 00:36:23
2020-03-25 00:36:24,731056.0,731202.0,2020-03-25 00:36:24
2020-03-25 00:36:25,730814.0,731202.0,2020-03-25 00:36:25
2020-03-25 00:36:26,730814.0,731202.0,2020-03-25 00:36:26
2020-03-25 00:36:27,730881.0,731202.0,2020-03-25 00:36:27
2020-03-25 00:36:28,730881.0,731202.0,2020-03-25 00:36:28
2020-03-25 00:36:29,730881.0,731202.0,2020-03-25 00:36:29
2020-03-25 00:36:31,730881.0,731202.0,2020-03-25 00:36:30
2020-03-25 00:36:32,730881.0,731202.0,2020-03-25 00:36:32
2020-03-25 00:36:33,730881.0,731202.0,2020-03-25 00:36:33
2020-03-25 00:36:34,730881.0,731202.0,2020-03-25 00:36:34
2020-03-25 00:36:35,730881.0,731202.0,2020-03-25 00:36:35
2020-03-25 00:36:36,730999.0,731144.0,2020-03-25 00:36:36
2020-03-25 00:36:37,730999.0,731144.0,2020-03-25 00:36:37
2020-03-25 00:36:38,731081.0,731144.0,2020-03-25 00:36:38
2020-03-25 00:36:39,731081.0,731144.0,2020-03-25 00:36:39
2020-03-25 00:36:40,730724.0,730950.0,2020-03-25 00:36:40
2020-03-25 00:36:41,730724.0,730950.0,2020-03-25 00:36:41
2020-03-25 00:36:42,730752.0,730925.0,2020-03-25 00:36:42
2020-03-25 00:36:43,730752.0,730925.0,2020-03-25 00:36:43
2020-03-25 00:36:44,730426.0,730930.0,2020-03-25 00:36:44
2020-03-25 00:36:45,730426.0,730930.0,2020-03-25 00:36:45
2020-03-25 00:36:46,730437.0,730540.0,2020-03-25 00:36:46
2020-03-25 00:36:48,730437.0,730540.0,2020-03-25 00:36:47
2020-03-25 00:36:49,730437.0,730618.0,2020-03-25 00:36:49
2020-03-25 00:36:50,730437.0,730618.0,2020-03-25 00:36:50
2020-03-25 00:36:51,730274.0,730456.0,2020-03-25 00:36:51
2020-03-25 00:36:52,730274.0,730456.0,2020-03-25 00:36:52
2020-03-25 00:36:53,730274.0,730456.0,2020-03-25 00:36:53
2020-03-25 00:36:54,730274.0,730456.0,2020-03-25 00:36:54
2020-03-25 00:36:55,730404.0,730477.0,2020-03-25 00:36:55
2020-03-25 00:36:56,730404.0,730477.0,2020-03-25 00:36:56
2020-03-25 00:36:57,730056.0,730154.0,2020-03-25 00:36:57
2020-03-25 00:36:58,730056.0,730154.0,2020-03-25 00:36:58
2020-03-25 00:36:59,730027.0,730135.0,2020-03-25 00:36:59
2020-03-25 00:37:00,730027.0,730135.0,2020-03-25 00:37:00
2020-03-25 00:37:01,730027.0,730123.0,2020-03-25 00:37:01
2020-03-25 00:37:02,730027.0,730123.0,2020-03-25 00:37:02
2020-03-25 00:37:03,730194.0,730441.0,2020-03-25 00:37:03
2020-03-25 00:37:05,730194.0,730441.0,2020-03-25 00:37:04
2020-03-25 00:37:06,730194.0,730379.0,2020-03-25 00:37:06
2020-03-25 00:37:07,730194.0,730379.0,2020-03-25 00:37:07
2020-03-25 00:37:08,730265.0,730441.0,2020-03-25 00:37:08
2020-03-25 00:37:09,730265.0,730441.0,2020-03-25 00:37:09
2020-03-25 00:37:10,730058.0,730182.0,2020-03-25 00:37:10
2020-03-25 00:37:11,730058.0,730182.0,2020-03-25 00:37:11
2020-03-25 00:37:12,730200.0,730373.0,2020-03-25 00:37:12
2020-03-25 00:37:13,730200.0,730373.0,2020-03-25 00:37:13
2020-03-25 00:37:14,730200.0,730373.0,2020-03-25 00:37:14
2020-03-25 00:37:15,730200.0,730373.0,2020-03-25 00:37:15
2020-03-25 00:37:16,730200.0,730373.0,2020-03-25 00:37:16
2020-03-25 00:37:17,730200.0,730373.0,2020-03-25 00:37:17
2020-03-25 00:37:18,730200.0,730373.0,2020-03-25 00:37:18
2020-03-25 00:37:20,730200.0,730373.0,2020-03-25 00:37:19
2020-03-25 00:37:21,730200.0,730373.0,2020-03-25 00:37:21
2020-03-25 00:37:22,730200.0,730373.0,2020-03-25 00:37:22
2020-03-25 00:37:23,730200.0,730373.0,2020-03-25 00:37:23
2020-03-25 00:37:24,730200.0,730373.0,2020-03-25 00:37:24
2020-03-25 00:37:25,730200.0,730373.0,2020-03-25 00:37:25
2020-03-25 00:37:26,730349.0,730588.0,2020-03-25 00:37:26
2020-03-25 00:37:27,730349.0,730588.0,2020-03-25 00:37:27
2020-03-25 00:37:28,730415.0,730524.0,2020-03-25 00:37:28
2020-03-25 00:37:29,730415.0,730524.0,2020-03-25 00:37:29
2020-03-25 00:37:30,730415.0,730524.0,2020-03-25 00:37:30
2020-03-25 00:37:31,730415.0,730524.0,2020-03-25 00:37:31
2020-03-25 00:37:32,730574.0,730724.0,2020-03-25 00:37:32
2020-03-25 00:37:33,730574.0,730724.0,2020-03-25 00:37:33
2020-03-25 00:37:34,730548.0,730626.0,2020-03-25 00:37:34
2020-03-25 00:37:35,730548.0,730626.0,2020-03-25 00:37:35
2020-03-25 00:37:37,730408.0,730749.0,2020-03-25 00:37:36
2020-03-25 00:37:38,730408.0,730749.0,2020-03-25 00:37:38
2020-03-25 00:37:39,730489.0,730622.0,2020-03-25 00:37:39
2020-03-25 00:37:40,730489.0,730622.0,2020-03-25 00:37:40
2020-03-25 00:37:41,730561.0,730760.0,2020-03-25 00:37:41
2020-03-25 00:37:42,730561.0,730760.0,2020-03-25 00:37:42
2020-03-25 00:37:43,730512.0,730710.0,2020-03-25 00:37:43
2020-03-25 00:37:44,730512.0,730710.0,2020-03-25 00:37:44
2020-03-25 00:37:45,730512.0,730710.0,2020-03-25 00:37:45
2020-03-25 00:37:46,730512.0,730710.0,2020-03-25 00:37:46
2020-03-25 00:37:47,730489.0,730736.0,2020-03-25 00:37:47
2020-03-25 00:37:48,730489.0,730736.0,2020-03-25 00:37:48
2020-03-25 00:37:49,730434.0,730686.0,2020-03-25 00:37:49
2020-03-25 00:37:50,730434.0,730686.0,2020-03-25 00:37:50
2020-03-25 00:37:51,730755.0,730800.0,2020-03-25 00:37:51
2020-03-25 00:37:52,730755.0,730800.0,2020-03-25 00:37:52
2020-03-25 00:37:53,730773.0,730800.0,2020-03-25 00:37:53
2020-03-25 00:37:54,730773.0,730800.0,2020-03-25 00:37:54
2020-03-25 00:37:55,730786.0,730788.0,2020-03-25 00:37:55
2020-03-25 00:37:57,730786.0,730788.0,2020-03-25 00:37:56
2020-03-25 00:37:58,731174.0,731325.0,2020-03-25 00:37:58
2020-03-25 00:37:59,731174.0,731325.0,2020-03-25 00:37:59
2020-03-25 00:38:00,731484.0,731600.0,2020-03-25 00:38:00
2020-03-25 00:38:01,731484.0,731600.0,2020-03-25 00:38:01
2020-03-25 00:38:02,731831.0,732096.0,2020-03-25 00:38:02
2020-03-25 00:38:03,731831.0,732096.0,2020-03-25 00:38:03
2020-03-25 00:38:04,731820.0,731909.0,2020-03-25 00:38:04
2020-03-25 00:38:05,731820.0,731909.0,2020-03-25 00:38:05
2020-03-25 00:38:06,731440.0,731600.0,2020-03-25 00:38:06
2020-03-25 00:38:07,731440.0,731600.0,2020-03-25 00:38:07
2020-03-25 00:38:08,731440.0,731600.0,2020-03-25 00:38:08
2020-03-25 00:38:09,731440.0,731600.0,2020-03-25 00:38:09
2020-03-25 00:38:11,731440.0,731600.0,2020-03-25 00:38:10
2020-03-25 00:38:12,731440.0,731600.0,2020-03-25 00:38:12
2020-03-25 00:38:13,731578.0,731600.0,2020-03-25 00:38:13
2020-03-25 00:38:14,731578.0,731600.0,2020-03-25 00:38:14
2020-03-25 00:38:15,731691.0,731849.0,2020-03-25 00:38:15
2020-03-25 00:38:16,731691.0,731849.0,2020-03-25 00:38:16
2020-03-25 00:38:17,731692.0,731849.0,2020-03-25 00:38:17
2020-03-25 00:38:18,731692.0,731849.0,2020-03-25 00:38:18
2020-03-25 00:38:19,730923.0,730999.0,2020-03-25 00:38:19
2020-03-25 00:38:20,730923.0,730999.0,2020-03-25 00:38:20
2020-03-25 00:38:21,730811.0,730814.0,2020-03-25 00:38:21
2020-03-25 00:38:22,730811.0,730814.0,2020-03-25 00:38:22
2020-03-25 00:38:23,730695.0,730821.0,2020-03-25 00:38:23
2020-03-25 00:38:24,730695.0,730821.0,2020-03-25 00:38:24
2020-03-25 00:38:25,730712.0,730861.0,2020-03-25 00:38:25
2020-03-25 00:38:26,730712.0,730861.0,2020-03-25 00:38:26
2020-03-25 00:38:27,730500.0,730605.0,2020-03-25 00:38:27
2020-03-25 00:38:28,730500.0,730605.0,2020-03-25 00:38:28
2020-03-25 00:38:30,730396.0,730616.0,2020-03-25 00:38:29
2020-03-25 00:38:31,730396.0,730616.0,2020-03-25 00:38:31
2020-03-25 00:38:32,730404.0,730573.0,2020-03-25 00:38:32
2020-03-25 00:38:33,730716.0,730815.0,2020-03-25 00:38:33
2020-03-25 00:38:34,730716.0,730815.0,2020-03-25 00:38:34
2020-03-25 00:38:35,731373.0,731500.0,2020-03-25 00:38:35
2020-03-25 00:38:36,731373.0,731500.0,2020-03-25 00:38:36
2020-03-25 00:38:37,731346.0,731352.0,2020-03-25 00:38:37
2020-03-25 00:38:38,730980.0,731346.0,2020-03-25 00:38:38
2020-03-25 00:38:39,730980.0,731350.0,2020-03-25 00:38:39
2020-03-25 00:38:40,730980.0,731350.0,2020-03-25 00:38:40
2020-03-25 00:38:41,731669.0,731707.0,2020-03-25 00:38:41
2020-03-25 00:38:42,731669.0,731707.0,2020-03-25 00:38:42
2020-03-25 00:38:44,731245.0,731324.0,2020-03-25 00:38:43
2020-03-25 00:38:45,731245.0,731324.0,2020-03-25 00:38:45
2020-03-25 00:38:46,731451.0,731626.0,2020-03-25 00:38:46
2020-03-25 00:38:47,731451.0,731626.0,2020-03-25 00:38:47
2020-03-25 00:38:48,731451.0,731626.0,2020-03-25 00:38:48
2020-03-25 00:38:49,731451.0,731626.0,2020-03-25 00:38:49
2020-03-25 00:38:50,731451.0,731626.0,2020-03-25 00:38:50
2020-03-25 00:38:51,731451.0,731626.0,2020-03-25 00:38:51
2020-03-25 00:38:52,731451.0,731626.0,2020-03-25 00:38:52
2020-03-25 00:38:53,731451.0,731626.0,2020-03-25 00:38:53
2020-03-25 00:38:54,731044.0,731236.0,2020-03-25 00:38:54
2020-03-25 00:38:55,731044.0,731236.0,2020-03-25 00:38:55
2020-03-25 00:38:56,730767.0,730791.0,2020-03-25 00:38:56
2020-03-25 00:38:57,730767.0,730791.0,2020-03-25 00:38:57
2020-03-25 00:38:58,730770.0,730791.0,2020-03-25 00:38:58
2020-03-25 00:38:59,730770.0,730791.0,2020-03-25 00:38:59
2020-03-25 00:39:00,730770.0,730791.0,2020-03-25 00:39:00
2020-03-25 00:39:01,730770.0,730791.0,2020-03-25 00:39:01
2020-03-25 00:39:03,731177.0,731323.0,2020-03-25 00:39:02
2020-03-25 00:39:04,731177.0,731323.0,2020-03-25 00:39:04
2020-03-25 00:39:05,731178.0,731323.0,2020-03-25 00:39:05
2020-03-25 00:39:06,731178.0,731323.0,2020-03-25 00:39:06
2020-03-25 00:39:07,731398.0,731539.0,2020-03-25 00:39:07
2020-03-25 00:39:08,731398.0,731539.0,2020-03-25 00:39:08
2020-03-25 00:39:09,731826.0,731892.0,2020-03-25 00:39:09
2020-03-25 00:39:10,731826.0,731892.0,2020-03-25 00:39:10
2020-03-25 00:39:11,731957.0,732055.0,2020-03-25 00:39:11
2020-03-25 00:39:12,731957.0,732055.0,2020-03-25 00:39:12
2020-03-25 00:39:13,732106.0,732204.0,2020-03-25 00:39:13
2020-03-25 00:39:14,732106.0,732204.0,2020-03-25 00:39:14
2020-03-25 00:39:15,731724.0,731771.0,2020-03-25 00:39:15
2020-03-25 00:39:16,731724.0,731771.0,2020-03-25 00:39:16
2020-03-25 00:39:17,731809.0,732078.0,2020-03-25 00:39:17
2020-03-25 00:39:19,731809.0,732078.0,2020-03-25 00:39:18
2020-03-25 00:39:20,732339.0,732638.0,2020-03-25 00:39:20
2020-03-25 00:39:21,732339.0,732638.0,2020-03-25 00:39:21
2020-03-25 00:39:22,732603.0,732683.0,2020-03-25 00:39:22
2020-03-25 00:39:23,732603.0,732683.0,2020-03-25 00:39:23
2020-03-25 00:39:24,732449.0,732521.0,2020-03-25 00:39:24
2020-03-25 00:39:25,732449.0,732521.0,2020-03-25 00:39:25
2020-03-25 00:39:26,732449.0,732521.0,2020-03-25 00:39:26
2020-03-25 00:39:27,732449.0,732521.0,2020-03-25 00:39:27
2020-03-25 00:39:28,731505.0,731633.0,2020-03-25 00:39:28
2020-03-25 00:39:29,731505.0,731633.0,2020-03-25 00:39:29
2020-03-25 00:39:30,731396.0,731569.0,2020-03-25 00:39:30
2020-03-25 00:39:31,731396.0,731569.0,2020-03-25 00:39:31
2020-03-25 00:39:32,731396.0,731550.0,2020-03-25 00:39:32
2020-03-25 00:39:33,731396.0,731550.0,2020-03-25 00:39:33
2020-03-25 00:39:34,731396.0,731550.0,2020-03-25 00:39:34
2020-03-25 00:39:35,731396.0,731550.0,2020-03-25 00:39:35
2020-03-25 00:39:37,731396.0,731550.0,2020-03-25 00:39:36
2020-03-25 00:39:38,731396.0,731550.0,2020-03-25 00:39:38
2020-03-25 00:39:39,731116.0,731229.0,2020-03-25 00:39:39
2020-03-25 00:39:40,731116.0,731229.0,2020-03-25 00:39:40
2020-03-25 00:39:41,731116.0,731229.0,2020-03-25 00:39:41
2020-03-25 00:39:42,731116.0,731229.0,2020-03-25 00:39:42
2020-03-25 00:39:43,731129.0,731533.0,2020-03-25 00:39:43
2020-03-25 00:39:44,731129.0,731533.0,2020-03-25 00:39:44
2020-03-25 00:39:45,731460.0,731805.0,2020-03-25 00:39:45
2020-03-25 00:39:46,731460.0,731805.0,2020-03-25 00:39:46
2020-03-25 00:39:47,731340.0,731439.0,2020-03-25 00:39:47
2020-03-25 00:39:48,731340.0,731439.0,2020-03-25 00:39:48
2020-03-25 00:39:49,731391.0,731525.0,2020-03-25 00:39:49
2020-03-25 00:39:50,731391.0,731525.0,2020-03-25 00:39:50
2020-03-25 00:39:51,731611.0,731707.0,2020-03-25 00:39:51
2020-03-25 00:39:52,731611.0,731707.0,2020-03-25 00:39:52
2020-03-25 00:39:54,731625.0,731876.0,2020-03-25 00:39:53
2020-03-25 00:39:55,731625.0,731876.0,2020-03-25 00:39:55
2020-03-25 00:39:56,731625.0,731876.0,2020-03-25 00:39:56
2020-03-25 00:39:57,731625.0,731876.0,2020-03-25 00:39:57
2020-03-25 00:39:58,732008.0,732234.0,2020-03-25 00:39:58
2020-03-25 00:39:59,732008.0,732234.0,2020-03-25 00:39:59
2020-03-25 00:40:00,732097.0,732349.0,2020-03-25 00:40:00
2020-03-25 00:40:01,732097.0,732349.0,2020-03-25 00:40:01
2020-03-25 00:40:02,732441.0,732775.0,2020-03-25 00:40:02
2020-03-25 00:40:03,732441.0,732775.0,2020-03-25 00:40:03
2020-03-25 00:40:04,732629.0,732770.0,2020-03-25 00:40:04
2020-03-25 00:40:05,732629.0,732770.0,2020-03-25 00:40:05
2020-03-25 00:40:06,732450.0,732523.0,2020-03-25 00:40:06
2020-03-25 00:40:07,732450.0,732523.0,2020-03-25 00:40:07
2020-03-25 00:40:08,732219.0,732516.0,2020-03-25 00:40:08
2020-03-25 00:40:09,732219.0,732516.0,2020-03-25 00:40:09
2020-03-25 00:40:11,732649.0,732781.0,2020-03-25 00:40:10
2020-03-25 00:40:12,732649.0,732781.0,2020-03-25 00:40:12
2020-03-25 00:40:13,732578.0,732647.0,2020-03-25 00:40:13
2020-03-25 00:40:14,732578.0,732647.0,2020-03-25 00:40:14
2020-03-25 00:40:15,732578.0,732647.0,2020-03-25 00:40:15
2020-03-25 00:40:16,732578.0,732647.0,2020-03-25 00:40:16
2020-03-25 00:40:17,732578.0,732647.0,2020-03-25 00:40:17
2020-03-25 00:40:18,732578.0,732647.0,2020-03-25 00:40:18
2020-03-25 00:40:19,732578.0,732647.0,2020-03-25 00:40:19
2020-03-25 00:40:20,732578.0,732647.0,2020-03-25 00:40:20
2020-03-25 00:40:21,732578.0,732647.0,2020-03-25 00:40:21
2020-03-25 00:40:22,732671.0,732863.0,2020-03-25 00:40:22
2020-03-25 00:40:23,732671.0,732863.0,2020-03-25 00:40:23
2020-03-25 00:40:24,732110.0,732304.0,2020-03-25 00:40:24
2020-03-25 00:40:25,732110.0,732304.0,2020-03-25 00:40:25
2020-03-25 00:40:26,732136.0,732304.0,2020-03-25 00:40:26
2020-03-25 00:40:28,732136.0,732304.0,2020-03-25 00:40:27
2020-03-25 00:40:29,732129.0,732457.0,2020-03-25 00:40:29
2020-03-25 00:40:30,732129.0,732457.0,2020-03-25 00:40:30
2020-03-25 00:40:31,732428.0,732457.0,2020-03-25 00:40:31
2020-03-25 00:40:32,732428.0,732457.0,2020-03-25 00:40:32
2020-03-25 00:40:33,732108.0,732376.0,2020-03-25 00:40:33
2020-03-25 00:40:34,732108.0,732376.0,2020-03-25 00:40:34
2020-03-25 00:40:35,732000.0,732339.0,2020-03-25 00:40:35
2020-03-25 00:40:36,732000.0,732339.0,2020-03-25 00:40:36
2020-03-25 00:40:37,732000.0,732299.0,2020-03-25 00:40:37
2020-03-25 00:40:38,732000.0,732299.0,2020-03-25 00:40:38
2020-03-25 00:40:39,732013.0,732299.0,2020-03-25 00:40:39
2020-03-25 00:40:40,732013.0,732299.0,2020-03-25 00:40:40
2020-03-25 00:40:41,732013.0,732299.0,2020-03-25 00:40:41
2020-03-25 00:40:42,732013.0,732299.0,2020-03-25 00:40:42
2020-03-25 00:40:43,731752.0,732142.0,2020-03-25 00:40:43
2020-03-25 00:40:44,731752.0,732142.0,2020-03-25 00:40:44
2020-03-25 00:40:46,731737.0,731911.0,2020-03-25 00:40:46
2020-03-25 00:40:47,731737.0,731911.0,2020-03-25 00:40:47
2020-03-25 00:40:48,731671.0,731911.0,2020-03-25 00:40:48
2020-03-25 00:40:49,731671.0,731911.0,2020-03-25 00:40:49
2020-03-25 00:40:50,731601.0,731902.0,2020-03-25 00:40:50
2020-03-25 00:40:51,731601.0,731902.0,2020-03-25 00:40:51
2020-03-25 00:40:52,731651.0,731916.0,2020-03-25 00:40:52
2020-03-25 00:40:53,731651.0,731916.0,2020-03-25 00:40:53
2020-03-25 00:40:54,731500.0,731510.0,2020-03-25 00:40:54
2020-03-25 00:40:55,731500.0,731510.0,2020-03-25 00:40:55
2020-03-25 00:40:56,731442.0,731604.0,2020-03-25 00:40:56
2020-03-25 00:40:57,731442.0,731604.0,2020-03-25 00:40:57
2020-03-25 00:40:58,731442.0,731604.0,2020-03-25 00:40:58
2020-03-25 00:40:59,731442.0,731604.0,2020-03-25 00:40:59
2020-03-25 00:41:00,731442.0,731604.0,2020-03-25 00:41:00
2020-03-25 00:41:02,731442.0,731604.0,2020-03-25 00:41:01
2020-03-25 00:41:03,731472.0,731604.0,2020-03-25 00:41:03
2020-03-25 00:41:04,731472.0,731604.0,2020-03-25 00:41:04
2020-03-25 00:41:05,731472.0,731604.0,2020-03-25 00:41:05
2020-03-25 00:41:06,731472.0,731604.0,2020-03-25 00:41:06
2020-03-25 00:41:07,731472.0,731604.0,2020-03-25 00:41:07
2020-03-25 00:41:08,731472.0,731604.0,2020-03-25 00:41:08
2020-03-25 00:41:09,731472.0,731604.0,2020-03-25 00:41:09
2020-03-25 00:41:10,731472.0,731604.0,2020-03-25 00:41:10
2020-03-25 00:41:11,731913.0,732000.0,2020-03-25 00:41:11
2020-03-25 00:41:12,731913.0,732000.0,2020-03-25 00:41:12
2020-03-25 00:41:13,731913.0,732000.0,2020-03-25 00:41:13
2020-03-25 00:41:15,732769.0,732950.0,2020-03-25 00:41:14
2020-03-25 00:41:16,732769.0,732950.0,2020-03-25 00:41:16
2020-03-25 00:41:17,732769.0,732950.0,2020-03-25 00:41:17
2020-03-25 00:41:18,732769.0,732950.0,2020-03-25 00:41:18
2020-03-25 00:41:19,732830.0,732864.0,2020-03-25 00:41:19
2020-03-25 00:41:20,732830.0,732864.0,2020-03-25 00:41:20
2020-03-25 00:41:21,732561.0,732677.0,2020-03-25 00:41:21
2020-03-25 00:41:22,732561.0,732677.0,2020-03-25 00:41:22
2020-03-25 00:41:23,732495.0,732672.0,2020-03-25 00:41:23
2020-03-25 00:41:24,732495.0,732672.0,2020-03-25 00:41:24
2020-03-25 00:41:25,732452.0,732495.0,2020-03-25 00:41:25
2020-03-25 00:41:26,732452.0,732495.0,2020-03-25 00:41:26
2020-03-25 00:41:27,732242.0,732476.0,2020-03-25 00:41:27
2020-03-25 00:41:28,732242.0,732476.0,2020-03-25 00:41:28
2020-03-25 00:41:29,732266.0,732476.0,2020-03-25 00:41:29
2020-03-25 00:41:30,732266.0,732476.0,2020-03-25 00:41:30
2020-03-25 00:41:31,732507.0,732578.0,2020-03-25 00:41:31
2020-03-25 00:41:33,732507.0,732578.0,2020-03-25 00:41:32
2020-03-25 00:41:34,732364.0,732671.0,2020-03-25 00:41:34
2020-03-25 00:41:35,732364.0,732671.0,2020-03-25 00:41:35
2020-03-25 00:41:36,732573.0,732671.0,2020-03-25 00:41:36
2020-03-25 00:41:37,732573.0,732671.0,2020-03-25 00:41:37
2020-03-25 00:41:38,732582.0,732621.0,2020-03-25 00:41:38
2020-03-25 00:41:39,732582.0,732621.0,2020-03-25 00:41:39
2020-03-25 00:41:40,733013.0,733038.0,2020-03-25 00:41:40
2020-03-25 00:41:41,733013.0,733038.0,2020-03-25 00:41:41
2020-03-25 00:41:42,732672.0,732730.0,2020-03-25 00:41:42
2020-03-25 00:41:43,732672.0,732730.0,2020-03-25 00:41:43
2020-03-25 00:41:44,732672.0,732769.0,2020-03-25 00:41:44
2020-03-25 00:41:45,732672.0,732769.0,2020-03-25 00:41:45
2020-03-25 00:41:46,732770.0,732894.0,2020-03-25 00:41:46
2020-03-25 00:41:47,732770.0,732894.0,2020-03-25 00:41:47
2020-03-25 00:41:48,732589.0,732721.0,2020-03-25 00:41:48
2020-03-25 00:41:50,732589.0,732721.0,2020-03-25 00:41:49
2020-03-25 00:41:51,732589.0,732721.0,2020-03-25 00:41:51
2020-03-25 00:41:52,732589.0,732721.0,2020-03-25 00:41:52
2020-03-25 00:41:53,732589.0,732721.0,2020-03-25 00:41:53
2020-03-25 00:41:54,732589.0,732721.0,2020-03-25 00:41:54
2020-03-25 00:41:55,732589.0,732721.0,2020-03-25 00:41:55
2020-03-25 00:41:56,732589.0,732721.0,2020-03-25 00:41:56
2020-03-25 00:41:57,732589.0,732721.0,2020-03-25 00:41:57
2020-03-25 00:41:58,732589.0,732721.0,2020-03-25 00:41:58
2020-03-25 00:41:59,732122.0,732329.0,2020-03-25 00:41:59
2020-03-25 00:42:00,732122.0,732329.0,2020-03-25 00:42:00
2020-03-25 00:42:01,732122.0,732431.0,2020-03-25 00:42:01
2020-03-25 00:42:02,732122.0,732431.0,2020-03-25 00:42:02
2020-03-25 00:42:03,732086.0,732405.0,2020-03-25 00:42:03
2020-03-25 00:42:05,732086.0,732405.0,2020-03-25 00:42:04
2020-03-25 00:42:06,732086.0,732405.0,2020-03-25 00:42:06
2020-03-25 00:42:07,732086.0,732405.0,2020-03-25 00:42:07
2020-03-25 00:42:08,732086.0,732405.0,2020-03-25 00:42:08
2020-03-25 00:42:09,732086.0,732405.0,2020-03-25 00:42:09
2020-03-25 00:42:10,732000.0,732144.0,2020-03-25 00:42:10
2020-03-25 00:42:11,732000.0,732144.0,2020-03-25 00:42:11
2020-03-25 00:42:12,732000.0,732094.0,2020-03-25 00:42:12
2020-03-25 00:42:13,732000.0,732094.0,2020-03-25 00:42:13
2020-03-25 00:42:14,731930.0,732094.0,2020-03-25 00:42:14
2020-03-25 00:42:15,731930.0,732094.0,2020-03-25 00:42:15
2020-03-25 00:42:16,731970.0,732143.0,2020-03-25 00:42:16
2020-03-25 00:42:17,731970.0,732143.0,2020-03-25 00:42:17
2020-03-25 00:42:18,732015.0,732143.0,2020-03-25 00:42:18
2020-03-25 00:42:19,732015.0,732143.0,2020-03-25 00:42:19
2020-03-25 00:42:20,732028.0,732266.0,2020-03-25 00:42:20
2020-03-25 00:42:21,732028.0,732266.0,2020-03-25 00:42:21
2020-03-25 00:42:23,732015.0,732305.0,2020-03-25 00:42:22
2020-03-25 00:42:24,732015.0,732305.0,2020-03-25 00:42:24
2020-03-25 00:42:25,732235.0,732305.0,2020-03-25 00:42:25
2020-03-25 00:42:26,732235.0,732305.0,2020-03-25 00:42:26
2020-03-25 00:42:27,732227.0,732255.0,2020-03-25 00:42:27
2020-03-25 00:42:28,732227.0,732255.0,2020-03-25 00:42:28
2020-03-25 00:42:29,732015.0,732066.0,2020-03-25 00:42:29
2020-03-25 00:42:30,732015.0,732066.0,2020-03-25 00:42:30
2020-03-25 00:42:31,732221.0,732304.0,2020-03-25 00:42:31
2020-03-25 00:42:32,732221.0,732304.0,2020-03-25 00:42:32
2020-03-25 00:42:33,732338.0,732394.0,2020-03-25 00:42:33
2020-03-25 00:42:34,732338.0,732394.0,2020-03-25 00:42:34
2020-03-25 00:42:35,732338.0,732431.0,2020-03-25 00:42:35
2020-03-25 00:42:36,732338.0,732431.0,2020-03-25 00:42:36
2020-03-25 00:42:37,732338.0,732431.0,2020-03-25 00:42:37
2020-03-25 00:42:39,732338.0,732431.0,2020-03-25 00:42:38
2020-03-25 00:42:40,732338.0,732431.0,2020-03-25 00:42:40
2020-03-25 00:42:41,732338.0,732431.0,2020-03-25 00:42:41
2020-03-25 00:42:42,732338.0,732431.0,2020-03-25 00:42:42
2020-03-25 00:42:43,732338.0,732431.0,2020-03-25 00:42:43
2020-03-25 00:42:44,732350.0,732431.0,2020-03-25 00:42:44
2020-03-25 00:42:45,732350.0,732431.0,2020-03-25 00:42:45
2020-03-25 00:42:46,732350.0,732431.0,2020-03-25 00:42:46
2020-03-25 00:42:47,732825.0,733026.0,2020-03-25 00:42:47
2020-03-25 00:42:48,732825.0,733026.0,2020-03-25 00:42:48
2020-03-25 00:42:49,732644.0,732820.0,2020-03-25 00:42:49
2020-03-25 00:42:50,732644.0,732820.0,2020-03-25 00:42:50
2020-03-25 00:42:51,732656.0,732722.0,2020-03-25 00:42:51
2020-03-25 00:42:52,732656.0,732722.0,2020-03-25 00:42:52
2020-03-25 00:42:53,733100.0,733282.0,2020-03-25 00:42:53
2020-03-25 00:42:54,733100.0,733282.0,2020-03-25 00:42:54
2020-03-25 00:42:55,732980.0,733079.0,2020-03-25 00:42:55
2020-03-25 00:42:57,732980.0,733079.0,2020-03-25 00:42:56
2020-03-25 00:42:58,733034.0,733057.0,2020-03-25 00:42:58
2020-03-25 00:42:59,733034.0,733057.0,2020-03-25 00:42:59
2020-03-25 00:43:00,733034.0,733056.0,2020-03-25 00:43:00
2020-03-25 00:43:01,733034.0,733056.0,2020-03-25 00:43:01
2020-03-25 00:43:02,733068.0,733167.0,2020-03-25 00:43:02
2020-03-25 00:43:03,733068.0,733167.0,2020-03-25 00:43:03
2020-03-25 00:43:04,733068.0,733167.0,2020-03-25 00:43:04
2020-03-25 00:43:05,733068.0,733167.0,2020-03-25 00:43:05
2020-03-25 00:43:06,732916.0,733156.0,2020-03-25 00:43:06
2020-03-25 00:43:07,732916.0,733156.0,2020-03-25 00:43:07
2020-03-25 00:43:08,732926.0,733156.0,2020-03-25 00:43:08
2020-03-25 00:43:09,732926.0,733156.0,2020-03-25 00:43:09
2020-03-25 00:43:10,732915.0,733132.0,2020-03-25 00:43:10
2020-03-25 00:43:12,732915.0,733132.0,2020-03-25 00:43:11
2020-03-25 00:43:13,732883.0,733127.0,2020-03-25 00:43:13
2020-03-25 00:43:14,732883.0,733127.0,2020-03-25 00:43:14
2020-03-25 00:43:15,732845.0,733122.0,2020-03-25 00:43:15
2020-03-25 00:43:16,732845.0,733122.0,2020-03-25 00:43:16
2020-03-25 00:43:17,733127.0,733298.0,2020-03-25 00:43:17
2020-03-25 00:43:18,733127.0,733298.0,2020-03-25 00:43:18
2020-03-25 00:43:19,733272.0,733305.0,2020-03-25 00:43:19
2020-03-25 00:43:20,733272.0,733305.0,2020-03-25 00:43:20
2020-03-25 00:43:21,733272.0,733305.0,2020-03-25 00:43:21
2020-03-25 00:43:22,733272.0,733305.0,2020-03-25 00:43:22
2020-03-25 00:43:23,733272.0,733305.0,2020-03-25 00:43:23
2020-03-25 00:43:24,733272.0,733305.0,2020-03-25 00:43:24
2020-03-25 00:43:25,733272.0,733305.0,2020-03-25 00:43:25
2020-03-25 00:43:26,733272.0,733305.0,2020-03-25 00:43:26
2020-03-25 00:43:27,733272.0,733305.0,2020-03-25 00:43:27
2020-03-25 00:43:28,733272.0,733305.0,2020-03-25 00:43:28
2020-03-25 00:43:29,733361.0,733584.0,2020-03-25 00:43:29
2020-03-25 00:43:31,733361.0,733584.0,2020-03-25 00:43:30
2020-03-25 00:43:32,733852.0,734026.0,2020-03-25 00:43:32
2020-03-25 00:43:33,733852.0,734026.0,2020-03-25 00:43:33
2020-03-25 00:43:34,733852.0,734026.0,2020-03-25 00:43:34
2020-03-25 00:43:35,733852.0,734026.0,2020-03-25 00:43:35
2020-03-25 00:43:36,733936.0,734408.0,2020-03-25 00:43:36
2020-03-25 00:43:37,733936.0,734408.0,2020-03-25 00:43:37
2020-03-25 00:43:38,734030.0,734105.0,2020-03-25 00:43:38
2020-03-25 00:43:39,734030.0,734105.0,2020-03-25 00:43:39
2020-03-25 00:43:40,733935.0,734026.0,2020-03-25 00:43:40
2020-03-25 00:43:41,733935.0,734026.0,2020-03-25 00:43:41
2020-03-25 00:43:42,734383.0,734568.0,2020-03-25 00:43:42
2020-03-25 00:43:43,734383.0,734568.0,2020-03-25 00:43:43
2020-03-25 00:43:44,734541.0,734846.0,2020-03-25 00:43:44
2020-03-25 00:43:45,734541.0,734846.0,2020-03-25 00:43:45
2020-03-25 00:43:46,734541.0,734627.0,2020-03-25 00:43:46
2020-03-25 00:43:48,734541.0,734627.0,2020-03-25 00:43:47
2020-03-25 00:43:49,734701.0,734909.0,2020-03-25 00:43:49
2020-03-25 00:43:50,734701.0,734909.0,2020-03-25 00:43:50
2020-03-25 00:43:51,734701.0,734809.0,2020-03-25 00:43:51
2020-03-25 00:43:52,734701.0,734809.0,2020-03-25 00:43:52
2020-03-25 00:43:53,734529.0,734765.0,2020-03-25 00:43:53
2020-03-25 00:43:54,734578.0,734726.0,2020-03-25 00:43:54
2020-03-25 00:43:55,734578.0,734726.0,2020-03-25 00:43:55
2020-03-25 00:43:56,734578.0,734726.0,2020-03-25 00:43:56
2020-03-25 00:43:57,734578.0,734726.0,2020-03-25 00:43:57
2020-03-25 00:43:58,734498.0,734727.0,2020-03-25 00:43:58
2020-03-25 00:43:59,734498.0,734727.0,2020-03-25 00:43:59
2020-03-25 00:44:00,734549.0,734960.0,2020-03-25 00:44:00
2020-03-25 00:44:01,734549.0,734960.0,2020-03-25 00:44:01
2020-03-25 00:44:02,734777.0,734902.0,2020-03-25 00:44:02
2020-03-25 00:44:04,734777.0,734902.0,2020-03-25 00:44:03
2020-03-25 00:44:05,734842.0,734902.0,2020-03-25 00:44:05
2020-03-25 00:44:06,734842.0,734902.0,2020-03-25 00:44:06
2020-03-25 00:44:07,734842.0,734902.0,2020-03-25 00:44:07
2020-03-25 00:44:08,734842.0,734902.0,2020-03-25 00:44:08
2020-03-25 00:44:09,734842.0,734902.0,2020-03-25 00:44:09
2020-03-25 00:44:10,734842.0,734902.0,2020-03-25 00:44:10
2020-03-25 00:44:11,734842.0,734902.0,2020-03-25 00:44:11
2020-03-25 00:44:12,734842.0,734902.0,2020-03-25 00:44:12
2020-03-25 00:44:13,734842.0,734902.0,2020-03-25 00:44:13
2020-03-25 00:44:14,734842.0,734902.0,2020-03-25 00:44:14
2020-03-25 00:44:15,734377.0,734679.0,2020-03-25 00:44:15
2020-03-25 00:44:16,734377.0,734679.0,2020-03-25 00:44:16
2020-03-25 00:44:17,734377.0,734679.0,2020-03-25 00:44:17
2020-03-25 00:44:18,734377.0,734679.0,2020-03-25 00:44:18
2020-03-25 00:44:19,736620.0,736898.0,2020-03-25 00:44:19
2020-03-25 00:44:21,736620.0,736898.0,2020-03-25 00:44:20
2020-03-25 00:44:22,735829.0,736368.0,2020-03-25 00:44:22
2020-03-25 00:44:23,735829.0,736368.0,2020-03-25 00:44:23
2020-03-25 00:44:24,736515.0,736707.0,2020-03-25 00:44:24
2020-03-25 00:44:25,736515.0,736707.0,2020-03-25 00:44:25
2020-03-25 00:44:26,736459.0,736683.0,2020-03-25 00:44:26
2020-03-25 00:44:27,736459.0,736683.0,2020-03-25 00:44:27
2020-03-25 00:44:28,736681.0,736914.0,2020-03-25 00:44:28
2020-03-25 00:44:29,736681.0,736914.0,2020-03-25 00:44:29
2020-03-25 00:44:30,736830.0,737305.0,2020-03-25 00:44:30
2020-03-25 00:44:31,736830.0,737305.0,2020-03-25 00:44:31
2020-03-25 00:44:32,736893.0,737168.0,2020-03-25 00:44:32
2020-03-25 00:44:33,736893.0,737168.0,2020-03-25 00:44:33
2020-03-25 00:44:34,736813.0,737335.0,2020-03-25 00:44:34
2020-03-25 00:44:35,736813.0,737335.0,2020-03-25 00:44:35
2020-03-25 00:44:36,736600.0,737087.0,2020-03-25 00:44:36
2020-03-25 00:44:37,736600.0,737087.0,2020-03-25 00:44:37
2020-03-25 00:44:38,736660.0,737074.0,2020-03-25 00:44:38
2020-03-25 00:44:39,736660.0,737074.0,2020-03-25 00:44:39
2020-03-25 00:44:41,736982.0,737304.0,2020-03-25 00:44:40
2020-03-25 00:44:42,736982.0,737304.0,2020-03-25 00:44:42
2020-03-25 00:44:43,736690.0,737288.0,2020-03-25 00:44:43
2020-03-25 00:44:44,736690.0,737288.0,2020-03-25 00:44:44
2020-03-25 00:44:45,736700.0,736757.0,2020-03-25 00:44:45
2020-03-25 00:44:46,736700.0,736757.0,2020-03-25 00:44:46
2020-03-25 00:44:47,736700.0,736701.0,2020-03-25 00:44:47
2020-03-25 00:44:48,736700.0,736701.0,2020-03-25 00:44:48
2020-03-25 00:44:49,736700.0,736701.0,2020-03-25 00:44:49
2020-03-25 00:44:50,736700.0,736701.0,2020-03-25 00:44:50
2020-03-25 00:44:51,736700.0,736701.0,2020-03-25 00:44:51
2020-03-25 00:44:52,736700.0,736701.0,2020-03-25 00:44:52
2020-03-25 00:44:53,736700.0,736701.0,2020-03-25 00:44:53
2020-03-25 00:44:54,736700.0,736701.0,2020-03-25 00:44:54
2020-03-25 00:44:55,737459.0,737741.0,2020-03-25 00:44:55
2020-03-25 00:44:57,737459.0,737741.0,2020-03-25 00:44:56
2020-03-25 00:44:58,737649.0,738096.0,2020-03-25 00:44:58
2020-03-25 00:44:59,737649.0,738096.0,2020-03-25 00:44:59
2020-03-25 00:45:00,737945.0,738000.0,2020-03-25 00:45:00
2020-03-25 00:45:01,737945.0,738000.0,2020-03-25 00:45:01
2020-03-25 00:45:02,737680.0,738000.0,2020-03-25 00:45:02
2020-03-25 00:45:03,737680.0,738000.0,2020-03-25 00:45:03
2020-03-25 00:45:04,736851.0,737500.0,2020-03-25 00:45:04
2020-03-25 00:45:05,736851.0,737500.0,2020-03-25 00:45:05
2020-03-25 00:45:06,736421.0,736800.0,2020-03-25 00:45:06
2020-03-25 00:45:07,736421.0,736800.0,2020-03-25 00:45:07
2020-03-25 00:45:08,736306.0,736647.0,2020-03-25 00:45:08
2020-03-25 00:45:09,736306.0,736647.0,2020-03-25 00:45:09
2020-03-25 00:45:10,736582.0,736692.0,2020-03-25 00:45:10
2020-03-25 00:45:11,736582.0,736692.0,2020-03-25 00:45:11
2020-03-25 00:45:12,735900.0,736474.0,2020-03-25 00:45:12
2020-03-25 00:45:14,735900.0,736474.0,2020-03-25 00:45:13
2020-03-25 00:45:15,736127.0,736509.0,2020-03-25 00:45:15
2020-03-25 00:45:16,736127.0,736509.0,2020-03-25 00:45:16
2020-03-25 00:45:17,735951.0,736009.0,2020-03-25 00:45:17
2020-03-25 00:45:18,735951.0,736009.0,2020-03-25 00:45:18
2020-03-25 00:45:19,735725.0,735787.0,2020-03-25 00:45:19
2020-03-25 00:45:20,735725.0,735787.0,2020-03-25 00:45:20
2020-03-25 00:45:21,735867.0,735984.0,2020-03-25 00:45:21
2020-03-25 00:45:22,735867.0,735984.0,2020-03-25 00:45:22
2020-03-25 00:45:23,736096.0,736132.0,2020-03-25 00:45:23
2020-03-25 00:45:24,736096.0,736132.0,2020-03-25 00:45:24
2020-03-25 00:45:25,736130.0,736433.0,2020-03-25 00:45:25
2020-03-25 00:45:26,736130.0,736433.0,2020-03-25 00:45:26
2020-03-25 00:45:27,735868.0,736198.0,2020-03-25 00:45:27
2020-03-25 00:45:28,735868.0,736198.0,2020-03-25 00:45:28
2020-03-25 00:45:29,735509.0,735643.0,2020-03-25 00:45:29
2020-03-25 00:45:31,735509.0,735643.0,2020-03-25 00:45:30
2020-03-25 00:45:32,735278.0,735659.0,2020-03-25 00:45:32
2020-03-25 00:45:33,735278.0,735659.0,2020-03-25 00:45:33
2020-03-25 00:45:34,735660.0,735736.0,2020-03-25 00:45:34
2020-03-25 00:45:35,735660.0,735736.0,2020-03-25 00:45:35
2020-03-25 00:45:36,735660.0,735736.0,2020-03-25 00:45:36
2020-03-25 00:45:37,735660.0,735736.0,2020-03-25 00:45:37
2020-03-25 00:45:38,735660.0,735736.0,2020-03-25 00:45:38
2020-03-25 00:45:39,735660.0,735736.0,2020-03-25 00:45:39
2020-03-25 00:45:40,735660.0,735736.0,2020-03-25 00:45:40
2020-03-25 00:45:41,734384.0,734530.0,2020-03-25 00:45:41
2020-03-25 00:45:42,734384.0,734530.0,2020-03-25 00:45:42
2020-03-25 00:45:43,734384.0,734530.0,2020-03-25 00:45:43
2020-03-25 00:45:44,734384.0,734530.0,2020-03-25 00:45:44
2020-03-25 00:45:45,735075.0,735431.0,2020-03-25 00:45:45
2020-03-25 00:45:46,735075.0,735431.0,2020-03-25 00:45:46
2020-03-25 00:45:47,735649.0,735770.0,2020-03-25 00:45:47
2020-03-25 00:45:49,735649.0,735770.0,2020-03-25 00:45:48
2020-03-25 00:45:50,735427.0,735660.0,2020-03-25 00:45:50
2020-03-25 00:45:51,735427.0,735660.0,2020-03-25 00:45:51
2020-03-25 00:45:52,735199.0,735581.0,2020-03-25 00:45:52
2020-03-25 00:45:53,735199.0,735581.0,2020-03-25 00:45:53
2020-03-25 00:45:54,735025.0,735317.0,2020-03-25 00:45:54
2020-03-25 00:45:55,735025.0,735317.0,2020-03-25 00:45:55
2020-03-25 00:45:56,735135.0,735160.0,2020-03-25 00:45:56
2020-03-25 00:45:57,735135.0,735160.0,2020-03-25 00:45:57
2020-03-25 00:45:58,734667.0,735151.0,2020-03-25 00:45:58
2020-03-25 00:45:59,734667.0,735151.0,2020-03-25 00:45:59
2020-03-25 00:46:01,734772.0,735150.0,2020-03-25 00:46:00
2020-03-25 00:46:02,734772.0,735150.0,2020-03-25 00:46:02
2020-03-25 00:46:03,734996.0,735374.0,2020-03-25 00:46:03
2020-03-25 00:46:04,734996.0,735374.0,2020-03-25 00:46:04
2020-03-25 00:46:05,735110.0,735689.0,2020-03-25 00:46:05
2020-03-25 00:46:06,735110.0,735689.0,2020-03-25 00:46:06
2020-03-25 00:46:07,735134.0,735699.0,2020-03-25 00:46:07
2020-03-25 00:46:08,735134.0,735699.0,2020-03-25 00:46:08
2020-03-25 00:46:09,735134.0,735699.0,2020-03-25 00:46:09
2020-03-25 00:46:10,735134.0,735699.0,2020-03-25 00:46:10
2020-03-25 00:46:11,735115.0,735141.0,2020-03-25 00:46:11
2020-03-25 00:46:12,735115.0,735141.0,2020-03-25 00:46:12
2020-03-25 00:46:13,735185.0,735327.0,2020-03-25 00:46:13
2020-03-25 00:46:14,735185.0,735327.0,2020-03-25 00:46:14
2020-03-25 00:46:15,735155.0,735377.0,2020-03-25 00:46:15
2020-03-25 00:46:16,735155.0,735377.0,2020-03-25 00:46:16
2020-03-25 00:46:17,735155.0,735377.0,2020-03-25 00:46:17
2020-03-25 00:46:19,735155.0,735377.0,2020-03-25 00:46:18
2020-03-25 00:46:20,735155.0,735377.0,2020-03-25 00:46:20
2020-03-25 00:46:21,735155.0,735377.0,2020-03-25 00:46:21
2020-03-25 00:46:22,735155.0,735377.0,2020-03-25 00:46:22
2020-03-25 00:46:23,735155.0,735377.0,2020-03-25 00:46:23
2020-03-25 00:46:24,735155.0,735377.0,2020-03-25 00:46:24
2020-03-25 00:46:25,735422.0,735787.0,2020-03-25 00:46:25
2020-03-25 00:46:26,735422.0,735787.0,2020-03-25 00:46:26
2020-03-25 00:46:27,735529.0,735843.0,2020-03-25 00:46:27
2020-03-25 00:46:28,735529.0,735843.0,2020-03-25 00:46:28
2020-03-25 00:46:29,735638.0,735860.0,2020-03-25 00:46:29
2020-03-25 00:46:30,735709.0,735859.0,2020-03-25 00:46:30
2020-03-25 00:46:31,735913.0,736220.0,2020-03-25 00:46:31
2020-03-25 00:46:32,735913.0,736220.0,2020-03-25 00:46:32
2020-03-25 00:46:33,736178.0,736220.0,2020-03-25 00:46:33
2020-03-25 00:46:35,736178.0,736220.0,2020-03-25 00:46:34
2020-03-25 00:46:36,735873.0,735979.0,2020-03-25 00:46:36
2020-03-25 00:46:37,735873.0,735979.0,2020-03-25 00:46:37
2020-03-25 00:46:38,735048.0,735478.0,2020-03-25 00:46:38
2020-03-25 00:46:39,735048.0,735478.0,2020-03-25 00:46:39
2020-03-25 00:46:40,735470.0,735542.0,2020-03-25 00:46:40
2020-03-25 00:46:41,735470.0,735542.0,2020-03-25 00:46:41
2020-03-25 00:46:42,735470.0,735542.0,2020-03-25 00:46:42
2020-03-25 00:46:43,735470.0,735542.0,2020-03-25 00:46:43
2020-03-25 00:46:44,735050.0,735342.0,2020-03-25 00:46:44
2020-03-25 00:46:45,735050.0,735342.0,2020-03-25 00:46:45
2020-03-25 00:46:46,735095.0,735419.0,2020-03-25 00:46:46
2020-03-25 00:46:47,735095.0,735419.0,2020-03-25 00:46:47
2020-03-25 00:46:48,735137.0,735418.0,2020-03-25 00:46:48
2020-03-25 00:46:49,735137.0,735418.0,2020-03-25 00:46:49
2020-03-25 00:46:50,735320.0,735418.0,2020-03-25 00:46:50
2020-03-25 00:46:52,735320.0,735418.0,2020-03-25 00:46:51
2020-03-25 00:46:53,735079.0,735464.0,2020-03-25 00:46:53
2020-03-25 00:46:54,735079.0,735464.0,2020-03-25 00:46:54
2020-03-25 00:46:55,734580.0,734913.0,2020-03-25 00:46:55
2020-03-25 00:46:56,734580.0,734913.0,2020-03-25 00:46:56
2020-03-25 00:46:57,734580.0,734913.0,2020-03-25 00:46:57
2020-03-25 00:46:58,734580.0,734913.0,2020-03-25 00:46:58
2020-03-25 00:46:59,734510.0,734583.0,2020-03-25 00:46:59
2020-03-25 00:47:00,734510.0,734583.0,2020-03-25 00:47:00
2020-03-25 00:47:01,734518.0,734583.0,2020-03-25 00:47:01
2020-03-25 00:47:02,734518.0,734583.0,2020-03-25 00:47:02
2020-03-25 00:47:03,734518.0,734583.0,2020-03-25 00:47:03
2020-03-25 00:47:04,734518.0,734583.0,2020-03-25 00:47:04
2020-03-25 00:47:05,734518.0,734583.0,2020-03-25 00:47:05
2020-03-25 00:47:06,734518.0,734583.0,2020-03-25 00:47:06
2020-03-25 00:47:07,734518.0,734583.0,2020-03-25 00:47:07
2020-03-25 00:47:09,734518.0,734583.0,2020-03-25 00:47:08
2020-03-25 00:47:10,734972.0,735011.0,2020-03-25 00:47:10
2020-03-25 00:47:11,734972.0,735011.0,2020-03-25 00:47:11
2020-03-25 00:47:12,734574.0,735303.0,2020-03-25 00:47:12
2020-03-25 00:47:13,734574.0,735303.0,2020-03-25 00:47:13
2020-03-25 00:47:14,735176.0,735642.0,2020-03-25 00:47:14
2020-03-25 00:47:15,735176.0,735642.0,2020-03-25 00:47:15
2020-03-25 00:47:16,735318.0,735642.0,2020-03-25 00:47:16
2020-03-25 00:47:17,735318.0,735642.0,2020-03-25 00:47:17
2020-03-25 00:47:18,735469.0,735642.0,2020-03-25 00:47:18
2020-03-25 00:47:19,735469.0,735642.0,2020-03-25 00:47:19
2020-03-25 00:47:20,735320.0,735470.0,2020-03-25 00:47:20
2020-03-25 00:47:21,735320.0,735470.0,2020-03-25 00:47:21
2020-03-25 00:47:22,735414.0,735558.0,2020-03-25 00:47:22
2020-03-25 00:47:23,735414.0,735558.0,2020-03-25 00:47:23
2020-03-25 00:47:25,735085.0,735544.0,2020-03-25 00:47:24
2020-03-25 00:47:26,735085.0,735544.0,2020-03-25 00:47:26
2020-03-25 00:47:27,735451.0,735595.0,2020-03-25 00:47:27
2020-03-25 00:47:28,735451.0,735595.0,2020-03-25 00:47:28
2020-03-25 00:47:29,734831.0,735376.0,2020-03-25 00:47:29
2020-03-25 00:47:30,734831.0,735376.0,2020-03-25 00:47:30
2020-03-25 00:47:31,735179.0,735374.0,2020-03-25 00:47:31
2020-03-25 00:47:32,735179.0,735374.0,2020-03-25 00:47:32
2020-03-25 00:47:33,735112.0,735642.0,2020-03-25 00:47:33
2020-03-25 00:47:34,735112.0,735642.0,2020-03-25 00:47:34
2020-03-25 00:47:35,735079.0,735447.0,2020-03-25 00:47:35
2020-03-25 00:47:36,735079.0,735447.0,2020-03-25 00:47:36
2020-03-25 00:47:37,735081.0,735503.0,2020-03-25 00:47:37
2020-03-25 00:47:38,735081.0,735503.0,2020-03-25 00:47:38
2020-03-25 00:47:39,735298.0,735605.0,2020-03-25 00:47:39
2020-03-25 00:47:40,735298.0,735605.0,2020-03-25 00:47:40
2020-03-25 00:47:42,735141.0,735190.0,2020-03-25 00:47:41
2020-03-25 00:47:43,735141.0,735190.0,2020-03-25 00:47:43
2020-03-25 00:47:44,735175.0,735463.0,2020-03-25 00:47:44
2020-03-25 00:47:45,735176.0,735389.0,2020-03-25 00:47:45
2020-03-25 00:47:46,735176.0,735389.0,2020-03-25 00:47:46
2020-03-25 00:47:47,735354.0,735593.0,2020-03-25 00:47:47
2020-03-25 00:47:48,735354.0,735593.0,2020-03-25 00:47:48
2020-03-25 00:47:49,735388.0,735543.0,2020-03-25 00:47:49
2020-03-25 00:47:50,735388.0,735543.0,2020-03-25 00:47:50
2020-03-25 00:47:51,735388.0,735543.0,2020-03-25 00:47:51
2020-03-25 00:47:52,735388.0,735543.0,2020-03-25 00:47:52
2020-03-25 00:47:53,735388.0,735543.0,2020-03-25 00:47:53
2020-03-25 00:47:54,735388.0,735543.0,2020-03-25 00:47:54
2020-03-25 00:47:55,735388.0,735543.0,2020-03-25 00:47:55
2020-03-25 00:47:56,735388.0,735543.0,2020-03-25 00:47:56
2020-03-25 00:47:57,735143.0,735320.0,2020-03-25 00:47:57
2020-03-25 00:47:59,735143.0,735320.0,2020-03-25 00:47:58
2020-03-25 00:48:00,735200.0,735320.0,2020-03-25 00:48:00
2020-03-25 00:48:01,735200.0,735320.0,2020-03-25 00:48:01
2020-03-25 00:48:02,735200.0,735320.0,2020-03-25 00:48:02
2020-03-25 00:48:03,735200.0,735320.0,2020-03-25 00:48:03
2020-03-25 00:48:04,735056.0,735200.0,2020-03-25 00:48:04
2020-03-25 00:48:05,735056.0,735200.0,2020-03-25 00:48:05
2020-03-25 00:48:06,735056.0,735200.0,2020-03-25 00:48:06
2020-03-25 00:48:07,735056.0,735200.0,2020-03-25 00:48:07
2020-03-25 00:48:08,735056.0,735329.0,2020-03-25 00:48:08
2020-03-25 00:48:09,735056.0,735329.0,2020-03-25 00:48:09
2020-03-25 00:48:10,735056.0,735279.0,2020-03-25 00:48:10
2020-03-25 00:48:11,735056.0,735279.0,2020-03-25 00:48:11
2020-03-25 00:48:12,734861.0,734873.0,2020-03-25 00:48:12
2020-03-25 00:48:13,734861.0,734873.0,2020-03-25 00:48:13
2020-03-25 00:48:15,734263.0,734686.0,2020-03-25 00:48:14
2020-03-25 00:48:16,734263.0,734686.0,2020-03-25 00:48:16
2020-03-25 00:48:17,734263.0,734423.0,2020-03-25 00:48:17
2020-03-25 00:48:18,734263.0,734423.0,2020-03-25 00:48:18
2020-03-25 00:48:19,734235.0,734463.0,2020-03-25 00:48:19
2020-03-25 00:48:20,734235.0,734463.0,2020-03-25 00:48:20
2020-03-25 00:48:21,734530.0,734653.0,2020-03-25 00:48:21
2020-03-25 00:48:22,734530.0,734653.0,2020-03-25 00:48:22
2020-03-25 00:48:23,734120.0,734710.0,2020-03-25 00:48:23
2020-03-25 00:48:24,734120.0,734710.0,2020-03-25 00:48:24
2020-03-25 00:48:25,734398.0,734622.0,2020-03-25 00:48:25
2020-03-25 00:48:26,734398.0,734622.0,2020-03-25 00:48:26
2020-03-25 00:48:27,734372.0,734658.0,2020-03-25 00:48:27
2020-03-25 00:48:28,734372.0,734658.0,2020-03-25 00:48:28
2020-03-25 00:48:29,734235.0,734361.0,2020-03-25 00:48:29
2020-03-25 00:48:30,734235.0,734361.0,2020-03-25 00:48:30
2020-03-25 00:48:31,734366.0,734446.0,2020-03-25 00:48:31
2020-03-25 00:48:33,734366.0,734446.0,2020-03-25 00:48:32
2020-03-25 00:48:34,734112.0,734210.0,2020-03-25 00:48:34
2020-03-25 00:48:35,734112.0,734210.0,2020-03-25 00:48:35
2020-03-25 00:48:36,734113.0,734359.0,2020-03-25 00:48:36
2020-03-25 00:48:37,734113.0,734359.0,2020-03-25 00:48:37
2020-03-25 00:48:38,734113.0,734359.0,2020-03-25 00:48:38
2020-03-25 00:48:39,734113.0,734359.0,2020-03-25 00:48:39
2020-03-25 00:48:40,734113.0,734359.0,2020-03-25 00:48:40
2020-03-25 00:48:41,734113.0,734359.0,2020-03-25 00:48:41
2020-03-25 00:48:42,734113.0,734359.0,2020-03-25 00:48:42
2020-03-25 00:48:43,734113.0,734359.0,2020-03-25 00:48:43
2020-03-25 00:48:44,734113.0,734359.0,2020-03-25 00:48:44
2020-03-25 00:48:45,734113.0,734359.0,2020-03-25 00:48:45
2020-03-25 00:48:46,734113.0,734344.0,2020-03-25 00:48:46
2020-03-25 00:48:47,734113.0,734344.0,2020-03-25 00:48:47
2020-03-25 00:48:48,734281.0,734495.0,2020-03-25 00:48:48
2020-03-25 00:48:49,734281.0,734495.0,2020-03-25 00:48:49
2020-03-25 00:48:51,734331.0,734374.0,2020-03-25 00:48:50
2020-03-25 00:48:52,734331.0,734374.0,2020-03-25 00:48:52
2020-03-25 00:48:53,734331.0,734374.0,2020-03-25 00:48:53
2020-03-25 00:48:54,734331.0,734374.0,2020-03-25 00:48:54
2020-03-25 00:48:55,734265.0,734405.0,2020-03-25 00:48:55
2020-03-25 00:48:56,734265.0,734405.0,2020-03-25 00:48:56
2020-03-25 00:48:57,734113.0,734374.0,2020-03-25 00:48:57
2020-03-25 00:48:58,734113.0,734374.0,2020-03-25 00:48:58
2020-03-25 00:48:59,733765.0,734149.0,2020-03-25 00:48:59
2020-03-25 00:49:00,733765.0,734149.0,2020-03-25 00:49:00
2020-03-25 00:49:01,733765.0,734115.0,2020-03-25 00:49:01
2020-03-25 00:49:02,733765.0,734115.0,2020-03-25 00:49:02
2020-03-25 00:49:03,733912.0,734094.0,2020-03-25 00:49:03
2020-03-25 00:49:04,733912.0,734094.0,2020-03-25 00:49:04
2020-03-25 00:49:05,733699.0,734029.0,2020-03-25 00:49:05
2020-03-25 00:49:06,733699.0,734029.0,2020-03-25 00:49:06
2020-03-25 00:49:07,733826.0,733956.0,2020-03-25 00:49:07
2020-03-25 00:49:09,733826.0,733956.0,2020-03-25 00:49:08
2020-03-25 00:49:10,733775.0,733956.0,2020-03-25 00:49:10
2020-03-25 00:49:11,733775.0,733956.0,2020-03-25 00:49:11
2020-03-25 00:49:12,733775.0,734028.0,2020-03-25 00:49:12
2020-03-25 00:49:13,733775.0,734028.0,2020-03-25 00:49:13
2020-03-25 00:49:14,733775.0,734028.0,2020-03-25 00:49:14
2020-03-25 00:49:15,733775.0,734028.0,2020-03-25 00:49:15
2020-03-25 00:49:16,733897.0,734028.0,2020-03-25 00:49:16
2020-03-25 00:49:17,733897.0,734028.0,2020-03-25 00:49:17
2020-03-25 00:49:18,733778.0,734120.0,2020-03-25 00:49:18
2020-03-25 00:49:19,733778.0,734120.0,2020-03-25 00:49:19
2020-03-25 00:49:20,733779.0,733979.0,2020-03-25 00:49:20
2020-03-25 00:49:21,733779.0,733979.0,2020-03-25 00:49:21
2020-03-25 00:49:22,733852.0,734057.0,2020-03-25 00:49:22
2020-03-25 00:49:23,733852.0,734057.0,2020-03-25 00:49:23
2020-03-25 00:49:24,733852.0,734057.0,2020-03-25 00:49:24
2020-03-25 00:49:26,733852.0,734057.0,2020-03-25 00:49:25
2020-03-25 00:49:27,733852.0,734057.0,2020-03-25 00:49:27
2020-03-25 00:49:28,733852.0,734057.0,2020-03-25 00:49:28
2020-03-25 00:49:29,733852.0,734057.0,2020-03-25 00:49:29
2020-03-25 00:49:30,733852.0,734057.0,2020-03-25 00:49:30
2020-03-25 00:49:31,733852.0,734057.0,2020-03-25 00:49:31
2020-03-25 00:49:32,733852.0,734057.0,2020-03-25 00:49:32
2020-03-25 00:49:33,734709.0,734865.0,2020-03-25 00:49:33
2020-03-25 00:49:34,734709.0,734865.0,2020-03-25 00:49:34
2020-03-25 00:49:35,734530.0,734560.0,2020-03-25 00:49:35
2020-03-25 00:49:36,734530.0,734560.0,2020-03-25 00:49:36
2020-03-25 00:49:37,734530.0,734610.0,2020-03-25 00:49:37
2020-03-25 00:49:38,734530.0,734610.0,2020-03-25 00:49:38
2020-03-25 00:49:39,734530.0,734563.0,2020-03-25 00:49:39
2020-03-25 00:49:40,734530.0,734563.0,2020-03-25 00:49:40
2020-03-25 00:49:41,734277.0,734403.0,2020-03-25 00:49:41
2020-03-25 00:49:42,734277.0,734403.0,2020-03-25 00:49:42
2020-03-25 00:49:43,734080.0,734217.0,2020-03-25 00:49:43
2020-03-25 00:49:45,734080.0,734217.0,2020-03-25 00:49:44
2020-03-25 00:49:46,733870.0,734030.0,2020-03-25 00:49:46
2020-03-25 00:49:47,733870.0,734030.0,2020-03-25 00:49:47
2020-03-25 00:49:48,733875.0,734000.0,2020-03-25 00:49:48
2020-03-25 00:49:49,733875.0,734000.0,2020-03-25 00:49:49
2020-03-25 00:49:50,733674.0,733953.0,2020-03-25 00:49:50
2020-03-25 00:49:51,733674.0,733953.0,2020-03-25 00:49:51
2020-03-25 00:49:52,733545.0,733911.0,2020-03-25 00:49:52
2020-03-25 00:49:53,733545.0,733911.0,2020-03-25 00:49:53
2020-03-25 00:49:54,733625.0,733934.0,2020-03-25 00:49:54
2020-03-25 00:49:55,733625.0,733934.0,2020-03-25 00:49:55
2020-03-25 00:49:56,733739.0,733934.0,2020-03-25 00:49:56
2020-03-25 00:49:57,733739.0,733934.0,2020-03-25 00:49:57
2020-03-25 00:49:58,733871.0,733932.0,2020-03-25 00:49:58
2020-03-25 00:49:59,733871.0,733932.0,2020-03-25 00:49:59
2020-03-25 00:50:00,733266.0,733611.0,2020-03-25 00:50:00
2020-03-25 00:50:01,733266.0,733611.0,2020-03-25 00:50:01
2020-03-25 00:50:03,733316.0,733611.0,2020-03-25 00:50:02
2020-03-25 00:50:04,733316.0,733611.0,2020-03-25 00:50:04
2020-03-25 00:50:05,733316.0,733611.0,2020-03-25 00:50:05
2020-03-25 00:50:06,733316.0,733611.0,2020-03-25 00:50:06
2020-03-25 00:50:07,733316.0,733611.0,2020-03-25 00:50:07
2020-03-25 00:50:08,733316.0,733611.0,2020-03-25 00:50:08
2020-03-25 00:50:09,733316.0,733611.0,2020-03-25 00:50:09
2020-03-25 00:50:10,733316.0,733611.0,2020-03-25 00:50:10
2020-03-25 00:50:11,733316.0,733611.0,2020-03-25 00:50:11
2020-03-25 00:50:12,733316.0,733611.0,2020-03-25 00:50:12
2020-03-25 00:50:13,733377.0,733495.0,2020-03-25 00:50:13
2020-03-25 00:50:14,733377.0,733495.0,2020-03-25 00:50:14
2020-03-25 00:50:15,733494.0,733799.0,2020-03-25 00:50:15
2020-03-25 00:50:16,733494.0,733799.0,2020-03-25 00:50:16
2020-03-25 00:50:17,733496.0,733730.0,2020-03-25 00:50:17
2020-03-25 00:50:18,733496.0,733730.0,2020-03-25 00:50:18
2020-03-25 00:50:19,733498.0,733812.0,2020-03-25 00:50:19
2020-03-25 00:50:20,733498.0,733812.0,2020-03-25 00:50:20
2020-03-25 00:50:22,733630.0,733917.0,2020-03-25 00:50:21
2020-03-25 00:50:23,733630.0,733917.0,2020-03-25 00:50:23
2020-03-25 00:50:24,733630.0,733917.0,2020-03-25 00:50:24
2020-03-25 00:50:25,733630.0,733917.0,2020-03-25 00:50:25
2020-03-25 00:50:26,733712.0,734022.0,2020-03-25 00:50:26
2020-03-25 00:50:27,733712.0,734022.0,2020-03-25 00:50:27
2020-03-25 00:50:28,733711.0,733994.0,2020-03-25 00:50:28
2020-03-25 00:50:29,733711.0,733994.0,2020-03-25 00:50:29
2020-03-25 00:50:30,733711.0,733903.0,2020-03-25 00:50:30
2020-03-25 00:50:31,733711.0,733903.0,2020-03-25 00:50:31
2020-03-25 00:50:32,733433.0,733759.0,2020-03-25 00:50:32
2020-03-25 00:50:33,733433.0,733759.0,2020-03-25 00:50:33
2020-03-25 00:50:34,733444.0,733725.0,2020-03-25 00:50:34
2020-03-25 00:50:35,733444.0,733725.0,2020-03-25 00:50:35
2020-03-25 00:50:36,733494.0,733767.0,2020-03-25 00:50:36
2020-03-25 00:50:37,733494.0,733767.0,2020-03-25 00:50:37
2020-03-25 00:50:38,733494.0,733618.0,2020-03-25 00:50:38
2020-03-25 00:50:39,733494.0,733618.0,2020-03-25 00:50:39
2020-03-25 00:50:41,733332.0,733643.0,2020-03-25 00:50:40
2020-03-25 00:50:42,733332.0,733643.0,2020-03-25 00:50:42
2020-03-25 00:50:43,733177.0,733581.0,2020-03-25 00:50:43
2020-03-25 00:50:44,733177.0,733581.0,2020-03-25 00:50:44
2020-03-25 00:50:45,733184.0,733564.0,2020-03-25 00:50:45
2020-03-25 00:50:46,733184.0,733564.0,2020-03-25 00:50:46
2020-03-25 00:50:47,733185.0,733564.0,2020-03-25 00:50:47
2020-03-25 00:50:48,733223.0,733570.0,2020-03-25 00:50:48
2020-03-25 00:50:49,733223.0,733570.0,2020-03-25 00:50:49
2020-03-25 00:50:50,733223.0,733570.0,2020-03-25 00:50:50
2020-03-25 00:50:51,733223.0,733570.0,2020-03-25 00:50:51
2020-03-25 00:50:52,733223.0,733570.0,2020-03-25 00:50:52
2020-03-25 00:50:53,733223.0,733570.0,2020-03-25 00:50:53
2020-03-25 00:50:54,733223.0,733570.0,2020-03-25 00:50:54
2020-03-25 00:50:55,733223.0,733570.0,2020-03-25 00:50:55
2020-03-25 00:50:56,733236.0,733555.0,2020-03-25 00:50:56
2020-03-25 00:50:57,733236.0,733555.0,2020-03-25 00:50:57
2020-03-25 00:50:59,733236.0,733481.0,2020-03-25 00:50:58
2020-03-25 00:51:00,733236.0,733481.0,2020-03-25 00:51:00
2020-03-25 00:51:01,733241.0,733433.0,2020-03-25 00:51:01
2020-03-25 00:51:02,733241.0,733433.0,2020-03-25 00:51:02
2020-03-25 00:51:03,733305.0,733433.0,2020-03-25 00:51:03
2020-03-25 00:51:04,733305.0,733433.0,2020-03-25 00:51:04
2020-03-25 00:51:05,733305.0,733391.0,2020-03-25 00:51:05
2020-03-25 00:51:06,733305.0,733391.0,2020-03-25 00:51:06
2020-03-25 00:51:07,733305.0,733391.0,2020-03-25 00:51:07
2020-03-25 00:51:08,733305.0,733391.0,2020-03-25 00:51:08
2020-03-25 00:51:09,733355.0,733543.0,2020-03-25 00:51:09
2020-03-25 00:51:10,733355.0,733543.0,2020-03-25 00:51:10
2020-03-25 00:51:11,733448.0,733531.0,2020-03-25 00:51:11
2020-03-25 00:51:12,733448.0,733531.0,2020-03-25 00:51:12
2020-03-25 00:51:13,733217.0,733529.0,2020-03-25 00:51:13
2020-03-25 00:51:14,733217.0,733529.0,2020-03-25 00:51:14
2020-03-25 00:51:16,733337.0,733495.0,2020-03-25 00:51:15
2020-03-25 00:51:17,733337.0,733495.0,2020-03-25 00:51:17
2020-03-25 00:51:18,733803.0,733999.0,2020-03-25 00:51:18
2020-03-25 00:51:19,733803.0,733999.0,2020-03-25 00:51:19
2020-03-25 00:51:20,733881.0,733968.0,2020-03-25 00:51:20
2020-03-25 00:51:21,733881.0,733968.0,2020-03-25 00:51:21
2020-03-25 00:51:22,733627.0,733735.0,2020-03-25 00:51:22
2020-03-25 00:51:23,733627.0,733735.0,2020-03-25 00:51:23
2020-03-25 00:51:24,733627.0,733931.0,2020-03-25 00:51:24
2020-03-25 00:51:25,733627.0,733931.0,2020-03-25 00:51:25
2020-03-25 00:51:26,733701.0,733735.0,2020-03-25 00:51:26
2020-03-25 00:51:27,733701.0,733735.0,2020-03-25 00:51:27
2020-03-25 00:51:28,733322.0,733454.0,2020-03-25 00:51:28
2020-03-25 00:51:29,733322.0,733454.0,2020-03-25 00:51:29
2020-03-25 00:51:30,733166.0,733399.0,2020-03-25 00:51:30
2020-03-25 00:51:31,733166.0,733399.0,2020-03-25 00:51:31
2020-03-25 00:51:32,733171.0,733398.0,2020-03-25 00:51:32
2020-03-25 00:51:34,733171.0,733398.0,2020-03-25 00:51:33
2020-03-25 00:51:35,733171.0,733398.0,2020-03-25 00:51:35
2020-03-25 00:51:36,733171.0,733398.0,2020-03-25 00:51:36
2020-03-25 00:51:37,733171.0,733398.0,2020-03-25 00:51:37
2020-03-25 00:51:38,733171.0,733398.0,2020-03-25 00:51:38
2020-03-25 00:51:39,733171.0,733398.0,2020-03-25 00:51:39
2020-03-25 00:51:40,733171.0,733398.0,2020-03-25 00:51:40
2020-03-25 00:51:41,733171.0,733398.0,2020-03-25 00:51:41
2020-03-25 00:51:42,733171.0,733398.0,2020-03-25 00:51:42
2020-03-25 00:51:43,733210.0,733266.0,2020-03-25 00:51:43
2020-03-25 00:51:44,733210.0,733266.0,2020-03-25 00:51:44
2020-03-25 00:51:45,733182.0,733433.0,2020-03-25 00:51:45
2020-03-25 00:51:46,733182.0,733433.0,2020-03-25 00:51:46
2020-03-25 00:51:47,733203.0,733373.0,2020-03-25 00:51:47
2020-03-25 00:51:48,733203.0,733373.0,2020-03-25 00:51:48
2020-03-25 00:51:50,733215.0,733475.0,2020-03-25 00:51:49
2020-03-25 00:51:51,733215.0,733475.0,2020-03-25 00:51:51
2020-03-25 00:51:52,733216.0,733397.0,2020-03-25 00:51:52
2020-03-25 00:51:53,733216.0,733397.0,2020-03-25 00:51:53
2020-03-25 00:51:54,733314.0,733475.0,2020-03-25 00:51:54
2020-03-25 00:51:55,733314.0,733475.0,2020-03-25 00:51:55
2020-03-25 00:51:56,733330.0,733470.0,2020-03-25 00:51:56
2020-03-25 00:51:57,733330.0,733470.0,2020-03-25 00:51:57
2020-03-25 00:51:58,733510.0,733791.0,2020-03-25 00:51:58
2020-03-25 00:51:59,733510.0,733791.0,2020-03-25 00:51:59
2020-03-25 00:52:00,733555.0,733709.0,2020-03-25 00:52:00
2020-03-25 00:52:01,733555.0,733709.0,2020-03-25 00:52:01
2020-03-25 00:52:02,733709.0,733841.0,2020-03-25 00:52:02
2020-03-25 00:52:03,733709.0,733841.0,2020-03-25 00:52:03
2020-03-25 00:52:04,733709.0,733791.0,2020-03-25 00:52:04
2020-03-25 00:52:05,733709.0,733791.0,2020-03-25 00:52:05
2020-03-25 00:52:06,733709.0,733781.0,2020-03-25 00:52:06
2020-03-25 00:52:08,733709.0,733781.0,2020-03-25 00:52:07
2020-03-25 00:52:09,733709.0,733781.0,2020-03-25 00:52:09
2020-03-25 00:52:10,733709.0,733781.0,2020-03-25 00:52:10
2020-03-25 00:52:11,733709.0,733731.0,2020-03-25 00:52:11
2020-03-25 00:52:12,733709.0,733731.0,2020-03-25 00:52:12
2020-03-25 00:52:13,733709.0,733731.0,2020-03-25 00:52:13
2020-03-25 00:52:14,733709.0,733731.0,2020-03-25 00:52:14
2020-03-25 00:52:15,733509.0,733705.0,2020-03-25 00:52:15
2020-03-25 00:52:16,733509.0,733705.0,2020-03-25 00:52:16
2020-03-25 00:52:17,733598.0,733814.0,2020-03-25 00:52:17
2020-03-25 00:52:18,733598.0,733814.0,2020-03-25 00:52:18
2020-03-25 00:52:19,733628.0,733814.0,2020-03-25 00:52:19
2020-03-25 00:52:20,733628.0,733814.0,2020-03-25 00:52:20
2020-03-25 00:52:21,733636.0,733814.0,2020-03-25 00:52:21
2020-03-25 00:52:22,733636.0,733814.0,2020-03-25 00:52:22
2020-03-25 00:52:23,733636.0,733814.0,2020-03-25 00:52:23
2020-03-25 00:52:24,733636.0,733814.0,2020-03-25 00:52:24
2020-03-25 00:52:26,733636.0,733814.0,2020-03-25 00:52:25
2020-03-25 00:52:27,733636.0,733814.0,2020-03-25 00:52:27
2020-03-25 00:52:28,733636.0,733814.0,2020-03-25 00:52:28
2020-03-25 00:52:29,733636.0,733814.0,2020-03-25 00:52:29
2020-03-25 00:52:30,733636.0,733814.0,2020-03-25 00:52:30
2020-03-25 00:52:31,733636.0,733814.0,2020-03-25 00:52:31
2020-03-25 00:52:32,733927.0,734032.0,2020-03-25 00:52:32
2020-03-25 00:52:33,733927.0,734032.0,2020-03-25 00:52:33
2020-03-25 00:52:34,733877.0,734015.0,2020-03-25 00:52:34
2020-03-25 00:52:35,733877.0,734015.0,2020-03-25 00:52:35
2020-03-25 00:52:36,733984.0,734015.0,2020-03-25 00:52:36
2020-03-25 00:52:37,733984.0,734015.0,2020-03-25 00:52:37
2020-03-25 00:52:38,733985.0,734318.0,2020-03-25 00:52:38
2020-03-25 00:52:39,733985.0,734318.0,2020-03-25 00:52:39
2020-03-25 00:52:40,733910.0,734322.0,2020-03-25 00:52:40
2020-03-25 00:52:41,733910.0,734322.0,2020-03-25 00:52:41
2020-03-25 00:52:43,733990.0,734275.0,2020-03-25 00:52:42
2020-03-25 00:52:44,733990.0,734275.0,2020-03-25 00:52:44
2020-03-25 00:52:45,734292.0,734322.0,2020-03-25 00:52:45
2020-03-25 00:52:46,734292.0,734322.0,2020-03-25 00:52:46
2020-03-25 00:52:47,734292.0,734434.0,2020-03-25 00:52:47
2020-03-25 00:52:48,734292.0,734434.0,2020-03-25 00:52:48
2020-03-25 00:52:49,734143.0,734434.0,2020-03-25 00:52:49
2020-03-25 00:52:50,734143.0,734434.0,2020-03-25 00:52:50
2020-03-25 00:52:51,734169.0,734343.0,2020-03-25 00:52:51
2020-03-25 00:52:52,734169.0,734343.0,2020-03-25 00:52:52
2020-03-25 00:52:53,734175.0,734331.0,2020-03-25 00:52:53
2020-03-25 00:52:54,734175.0,734331.0,2020-03-25 00:52:54
2020-03-25 00:52:55,734490.0,734819.0,2020-03-25 00:52:55
2020-03-25 00:52:56,734490.0,734819.0,2020-03-25 00:52:56
2020-03-25 00:52:57,734731.0,734768.0,2020-03-25 00:52:57
2020-03-25 00:52:58,734731.0,734768.0,2020-03-25 00:52:58
2020-03-25 00:53:00,734398.0,734866.0,2020-03-25 00:52:59
2020-03-25 00:53:01,734497.0,734650.0,2020-03-25 00:53:01
2020-03-25 00:53:02,734497.0,734650.0,2020-03-25 00:53:02
2020-03-25 00:53:03,734526.0,734781.0,2020-03-25 00:53:03
2020-03-25 00:53:04,734526.0,734781.0,2020-03-25 00:53:04
2020-03-25 00:53:05,734526.0,734781.0,2020-03-25 00:53:05
2020-03-25 00:53:06,734526.0,734781.0,2020-03-25 00:53:06
2020-03-25 00:53:07,734526.0,734781.0,2020-03-25 00:53:07
2020-03-25 00:53:08,734526.0,734781.0,2020-03-25 00:53:08
2020-03-25 00:53:09,734526.0,734781.0,2020-03-25 00:53:09
2020-03-25 00:53:10,734526.0,734781.0,2020-03-25 00:53:10
2020-03-25 00:53:11,734526.0,734781.0,2020-03-25 00:53:11
2020-03-25 00:53:12,734526.0,734781.0,2020-03-25 00:53:12
2020-03-25 00:53:13,734434.0,734698.0,2020-03-25 00:53:13
2020-03-25 00:53:14,734434.0,734698.0,2020-03-25 00:53:14
2020-03-25 00:53:15,734080.0,734537.0,2020-03-25 00:53:15
2020-03-25 00:53:16,734080.0,734537.0,2020-03-25 00:53:16
2020-03-25 00:53:17,734143.0,734536.0,2020-03-25 00:53:17
2020-03-25 00:53:19,734143.0,734536.0,2020-03-25 00:53:18
2020-03-25 00:53:20,734267.0,734526.0,2020-03-25 00:53:20
2020-03-25 00:53:21,734267.0,734526.0,2020-03-25 00:53:21
2020-03-25 00:53:22,734365.0,734526.0,2020-03-25 00:53:22
2020-03-25 00:53:23,734365.0,734526.0,2020-03-25 00:53:23
2020-03-25 00:53:24,734365.0,734526.0,2020-03-25 00:53:24
2020-03-25 00:53:25,734365.0,734526.0,2020-03-25 00:53:25
2020-03-25 00:53:26,734365.0,734447.0,2020-03-25 00:53:26
2020-03-25 00:53:27,734365.0,734447.0,2020-03-25 00:53:27
2020-03-25 00:53:28,734610.0,734669.0,2020-03-25 00:53:28
2020-03-25 00:53:29,734610.0,734669.0,2020-03-25 00:53:29
2020-03-25 00:53:30,734620.0,734757.0,2020-03-25 00:53:30
2020-03-25 00:53:31,734620.0,734757.0,2020-03-25 00:53:31
2020-03-25 00:53:32,733883.0,733916.0,2020-03-25 00:53:32
2020-03-25 00:53:33,733883.0,733916.0,2020-03-25 00:53:33
2020-03-25 00:53:34,733374.0,733388.0,2020-03-25 00:53:34
2020-03-25 00:53:36,733374.0,733388.0,2020-03-25 00:53:35
2020-03-25 00:53:37,733849.0,734015.0,2020-03-25 00:53:37
2020-03-25 00:53:38,733849.0,734015.0,2020-03-25 00:53:38
2020-03-25 00:53:39,733849.0,734015.0,2020-03-25 00:53:39
2020-03-25 00:53:40,733849.0,734015.0,2020-03-25 00:53:40
2020-03-25 00:53:41,733801.0,734146.0,2020-03-25 00:53:41
2020-03-25 00:53:42,733801.0,734146.0,2020-03-25 00:53:42
2020-03-25 00:53:43,733803.0,734141.0,2020-03-25 00:53:43
2020-03-25 00:53:44,733803.0,734141.0,2020-03-25 00:53:44
2020-03-25 00:53:45,733803.0,734141.0,2020-03-25 00:53:45
2020-03-25 00:53:46,733803.0,734141.0,2020-03-25 00:53:46
2020-03-25 00:53:47,733803.0,734141.0,2020-03-25 00:53:47
2020-03-25 00:53:48,733803.0,734141.0,2020-03-25 00:53:48
2020-03-25 00:53:49,733803.0,734141.0,2020-03-25 00:53:49
2020-03-25 00:53:50,733803.0,734141.0,2020-03-25 00:53:50
2020-03-25 00:53:51,734381.0,734504.0,2020-03-25 00:53:51
2020-03-25 00:53:52,734381.0,734504.0,2020-03-25 00:53:52
2020-03-25 00:53:53,734449.0,734524.0,2020-03-25 00:53:53
2020-03-25 00:53:55,734449.0,734524.0,2020-03-25 00:53:54
2020-03-25 00:53:56,734510.0,734801.0,2020-03-25 00:53:56
2020-03-25 00:53:57,734510.0,734801.0,2020-03-25 00:53:57
2020-03-25 00:53:58,734523.0,734796.0,2020-03-25 00:53:58
2020-03-25 00:53:59,734523.0,734796.0,2020-03-25 00:53:59
2020-03-25 00:54:00,734523.0,734801.0,2020-03-25 00:54:00
2020-03-25 00:54:01,734523.0,734801.0,2020-03-25 00:54:01
2020-03-25 00:54:02,734771.0,734791.0,2020-03-25 00:54:02
2020-03-25 00:54:03,734771.0,734791.0,2020-03-25 00:54:03
2020-03-25 00:54:04,734994.0,735192.0,2020-03-25 00:54:04
2020-03-25 00:54:05,734994.0,735192.0,2020-03-25 00:54:05
2020-03-25 00:54:06,734995.0,735138.0,2020-03-25 00:54:06
2020-03-25 00:54:07,734995.0,735138.0,2020-03-25 00:54:07
2020-03-25 00:54:08,735005.0,735138.0,2020-03-25 00:54:08
2020-03-25 00:54:09,735005.0,735138.0,2020-03-25 00:54:09
2020-03-25 00:54:10,735013.0,735105.0,2020-03-25 00:54:10
2020-03-25 00:54:11,735013.0,735105.0,2020-03-25 00:54:11
2020-03-25 00:54:13,734994.0,735372.0,2020-03-25 00:54:12
2020-03-25 00:54:14,734994.0,735372.0,2020-03-25 00:54:14
2020-03-25 00:54:15,735032.0,735372.0,2020-03-25 00:54:15
2020-03-25 00:54:16,735032.0,735372.0,2020-03-25 00:54:16
2020-03-25 00:54:17,735033.0,735327.0,2020-03-25 00:54:17
2020-03-25 00:54:18,735033.0,735327.0,2020-03-25 00:54:18
2020-03-25 00:54:19,735033.0,735322.0,2020-03-25 00:54:19
2020-03-25 00:54:20,735033.0,735322.0,2020-03-25 00:54:20
2020-03-25 00:54:21,734767.0,734974.0,2020-03-25 00:54:21
2020-03-25 00:54:22,734767.0,734974.0,2020-03-25 00:54:22
2020-03-25 00:54:23,734820.0,734974.0,2020-03-25 00:54:23
2020-03-25 00:54:24,734820.0,734974.0,2020-03-25 00:54:24
2020-03-25 00:54:25,734820.0,734974.0,2020-03-25 00:54:25
2020-03-25 00:54:26,734820.0,734974.0,2020-03-25 00:54:26
2020-03-25 00:54:27,734820.0,734974.0,2020-03-25 00:54:27
2020-03-25 00:54:28,734820.0,734974.0,2020-03-25 00:54:28
2020-03-25 00:54:29,734820.0,734974.0,2020-03-25 00:54:29
2020-03-25 00:54:31,734820.0,734974.0,2020-03-25 00:54:31
2020-03-25 00:54:32,734820.0,734974.0,2020-03-25 00:54:32
2020-03-25 00:54:33,734820.0,734974.0,2020-03-25 00:54:33
2020-03-25 00:54:34,735252.0,735525.0,2020-03-25 00:54:34
2020-03-25 00:54:35,735252.0,735525.0,2020-03-25 00:54:35
2020-03-25 00:54:36,735547.0,735699.0,2020-03-25 00:54:36
2020-03-25 00:54:37,735547.0,735699.0,2020-03-25 00:54:37
2020-03-25 00:54:38,736354.0,736765.0,2020-03-25 00:54:38
2020-03-25 00:54:39,736354.0,736765.0,2020-03-25 00:54:39
2020-03-25 00:54:40,736078.0,736294.0,2020-03-25 00:54:40
2020-03-25 00:54:41,736078.0,736294.0,2020-03-25 00:54:41
2020-03-25 00:54:42,736509.0,736519.0,2020-03-25 00:54:42
2020-03-25 00:54:43,736509.0,736519.0,2020-03-25 00:54:43
2020-03-25 00:54:44,736538.0,736599.0,2020-03-25 00:54:44
2020-03-25 00:54:45,736538.0,736599.0,2020-03-25 00:54:45
2020-03-25 00:54:46,736575.0,736824.0,2020-03-25 00:54:46
2020-03-25 00:54:48,736575.0,736824.0,2020-03-25 00:54:47
2020-03-25 00:54:49,736294.0,736347.0,2020-03-25 00:54:49
2020-03-25 00:54:50,736079.0,736300.0,2020-03-25 00:54:50
2020-03-25 00:54:51,736079.0,736300.0,2020-03-25 00:54:51
2020-03-25 00:54:52,736079.0,736232.0,2020-03-25 00:54:52
2020-03-25 00:54:53,736079.0,736232.0,2020-03-25 00:54:53
2020-03-25 00:54:54,736300.0,736361.0,2020-03-25 00:54:54
2020-03-25 00:54:55,736300.0,736361.0,2020-03-25 00:54:55
2020-03-25 00:54:56,736303.0,736522.0,2020-03-25 00:54:56
2020-03-25 00:54:57,736303.0,736522.0,2020-03-25 00:54:57
2020-03-25 00:54:58,736080.0,736514.0,2020-03-25 00:54:58
2020-03-25 00:54:59,736080.0,736514.0,2020-03-25 00:54:59
2020-03-25 00:55:00,736375.0,736426.0,2020-03-25 00:55:00
2020-03-25 00:55:01,736375.0,736426.0,2020-03-25 00:55:01
2020-03-25 00:55:02,736375.0,736619.0,2020-03-25 00:55:02
2020-03-25 00:55:04,736375.0,736619.0,2020-03-25 00:55:03
2020-03-25 00:55:05,736093.0,736648.0,2020-03-25 00:55:05
2020-03-25 00:55:06,736093.0,736648.0,2020-03-25 00:55:06
2020-03-25 00:55:07,736732.0,736827.0,2020-03-25 00:55:07
2020-03-25 00:55:08,736732.0,736827.0,2020-03-25 00:55:08
2020-03-25 00:55:09,736217.0,736407.0,2020-03-25 00:55:09
2020-03-25 00:55:10,736217.0,736407.0,2020-03-25 00:55:10
2020-03-25 00:55:11,736213.0,736407.0,2020-03-25 00:55:11
2020-03-25 00:55:12,736213.0,736407.0,2020-03-25 00:55:12
2020-03-25 00:55:13,736213.0,736407.0,2020-03-25 00:55:13
2020-03-25 00:55:14,736213.0,736407.0,2020-03-25 00:55:14
2020-03-25 00:55:15,736213.0,736407.0,2020-03-25 00:55:15
2020-03-25 00:55:16,736213.0,736407.0,2020-03-25 00:55:16
2020-03-25 00:55:17,736213.0,736407.0,2020-03-25 00:55:17
2020-03-25 00:55:18,736213.0,736407.0,2020-03-25 00:55:18
2020-03-25 00:55:19,736206.0,736361.0,2020-03-25 00:55:19
2020-03-25 00:55:20,736206.0,736361.0,2020-03-25 00:55:20
2020-03-25 00:55:21,736307.0,736720.0,2020-03-25 00:55:21
2020-03-25 00:55:23,736307.0,736720.0,2020-03-25 00:55:22
2020-03-25 00:55:24,736587.0,736839.0,2020-03-25 00:55:24
2020-03-25 00:55:25,736587.0,736839.0,2020-03-25 00:55:25
2020-03-25 00:55:26,736636.0,736921.0,2020-03-25 00:55:26
2020-03-25 00:55:27,736636.0,736921.0,2020-03-25 00:55:27
2020-03-25 00:55:28,736665.0,736971.0,2020-03-25 00:55:28
2020-03-25 00:55:29,736665.0,736971.0,2020-03-25 00:55:29
2020-03-25 00:55:30,736665.0,736971.0,2020-03-25 00:55:30
2020-03-25 00:55:31,736665.0,736971.0,2020-03-25 00:55:31
2020-03-25 00:55:32,736533.0,737012.0,2020-03-25 00:55:32
2020-03-25 00:55:33,736533.0,737012.0,2020-03-25 00:55:33
2020-03-25 00:55:34,736533.0,737012.0,2020-03-25 00:55:34
2020-03-25 00:55:35,736533.0,737012.0,2020-03-25 00:55:35
2020-03-25 00:55:36,736581.0,737012.0,2020-03-25 00:55:36
2020-03-25 00:55:37,736581.0,737012.0,2020-03-25 00:55:37
2020-03-25 00:55:38,736561.0,737012.0,2020-03-25 00:55:38
2020-03-25 00:55:40,736561.0,737012.0,2020-03-25 00:55:39
2020-03-25 00:55:41,736561.0,737012.0,2020-03-25 00:55:41
2020-03-25 00:55:42,736561.0,737012.0,2020-03-25 00:55:42
2020-03-25 00:55:43,736508.0,736986.0,2020-03-25 00:55:43
2020-03-25 00:55:44,736508.0,736986.0,2020-03-25 00:55:44
2020-03-25 00:55:45,735874.0,736123.0,2020-03-25 00:55:45
2020-03-25 00:55:46,735874.0,736123.0,2020-03-25 00:55:46
2020-03-25 00:55:47,735798.0,736068.0,2020-03-25 00:55:47
2020-03-25 00:55:48,735798.0,736068.0,2020-03-25 00:55:48
2020-03-25 00:55:49,736069.0,736123.0,2020-03-25 00:55:49
2020-03-25 00:55:50,736069.0,736123.0,2020-03-25 00:55:50
2020-03-25 00:55:51,736069.0,736440.0,2020-03-25 00:55:51
2020-03-25 00:55:52,736069.0,736440.0,2020-03-25 00:55:52
2020-03-25 00:55:53,736069.0,736112.0,2020-03-25 00:55:53
2020-03-25 00:55:54,736069.0,736112.0,2020-03-25 00:55:54
2020-03-25 00:55:55,736388.0,736639.0,2020-03-25 00:55:55
2020-03-25 00:55:56,736388.0,736639.0,2020-03-25 00:55:56
2020-03-25 00:55:58,736388.0,736639.0,2020-03-25 00:55:57
2020-03-25 00:55:59,736388.0,736639.0,2020-03-25 00:55:59
2020-03-25 00:56:00,736388.0,736639.0,2020-03-25 00:56:00
2020-03-25 00:56:01,736388.0,736639.0,2020-03-25 00:56:01
2020-03-25 00:56:02,736534.0,736792.0,2020-03-25 00:56:02
2020-03-25 00:56:03,736534.0,736792.0,2020-03-25 00:56:03
2020-03-25 00:56:04,736707.0,736851.0,2020-03-25 00:56:04
2020-03-25 00:56:05,736707.0,736851.0,2020-03-25 00:56:05
2020-03-25 00:56:06,736707.0,736851.0,2020-03-25 00:56:06
2020-03-25 00:56:07,736707.0,736851.0,2020-03-25 00:56:07
2020-03-25 00:56:08,735796.0,736284.0,2020-03-25 00:56:08
2020-03-25 00:56:09,735796.0,736284.0,2020-03-25 00:56:09
2020-03-25 00:56:10,735804.0,736101.0,2020-03-25 00:56:10
2020-03-25 00:56:11,735804.0,736101.0,2020-03-25 00:56:11
2020-03-25 00:56:12,736220.0,736278.0,2020-03-25 00:56:12
2020-03-25 00:56:13,736220.0,736278.0,2020-03-25 00:56:13
2020-03-25 00:56:14,735928.0,736278.0,2020-03-25 00:56:14
2020-03-25 00:56:16,735928.0,736278.0,2020-03-25 00:56:15
2020-03-25 00:56:17,735978.0,736278.0,2020-03-25 00:56:17
2020-03-25 00:56:18,735978.0,736278.0,2020-03-25 00:56:18
2020-03-25 00:56:19,736033.0,736278.0,2020-03-25 00:56:19
2020-03-25 00:56:20,736033.0,736278.0,2020-03-25 00:56:20
2020-03-25 00:56:21,736259.0,736412.0,2020-03-25 00:56:21
2020-03-25 00:56:22,736259.0,736412.0,2020-03-25 00:56:22
2020-03-25 00:56:23,735790.0,736137.0,2020-03-25 00:56:23
2020-03-25 00:56:24,735790.0,736137.0,2020-03-25 00:56:24
2020-03-25 00:56:25,735814.0,736127.0,2020-03-25 00:56:25
2020-03-25 00:56:26,735814.0,736127.0,2020-03-25 00:56:26
2020-03-25 00:56:27,735864.0,736023.0,2020-03-25 00:56:27
2020-03-25 00:56:28,735864.0,736023.0,2020-03-25 00:56:28
2020-03-25 00:56:29,735869.0,736067.0,2020-03-25 00:56:29
2020-03-25 00:56:30,735869.0,736067.0,2020-03-25 00:56:30
2020-03-25 00:56:31,735854.0,736066.0,2020-03-25 00:56:31
2020-03-25 00:56:32,735854.0,736066.0,2020-03-25 00:56:32
2020-03-25 00:56:34,735931.0,736125.0,2020-03-25 00:56:33
2020-03-25 00:56:35,735931.0,736125.0,2020-03-25 00:56:35
2020-03-25 00:56:36,735981.0,736247.0,2020-03-25 00:56:36
2020-03-25 00:56:37,735981.0,736247.0,2020-03-25 00:56:37
2020-03-25 00:56:38,736127.0,736333.0,2020-03-25 00:56:38
2020-03-25 00:56:39,736127.0,736333.0,2020-03-25 00:56:39
2020-03-25 00:56:40,736127.0,736333.0,2020-03-25 00:56:40
2020-03-25 00:56:41,736127.0,736333.0,2020-03-25 00:56:41
2020-03-25 00:56:42,736127.0,736333.0,2020-03-25 00:56:42
2020-03-25 00:56:43,736127.0,736333.0,2020-03-25 00:56:43
2020-03-25 00:56:44,736127.0,736333.0,2020-03-25 00:56:44
2020-03-25 00:56:45,736127.0,736333.0,2020-03-25 00:56:45
2020-03-25 00:56:46,736127.0,736333.0,2020-03-25 00:56:46
2020-03-25 00:56:47,736132.0,736242.0,2020-03-25 00:56:47
2020-03-25 00:56:48,736132.0,736242.0,2020-03-25 00:56:48
2020-03-25 00:56:50,735844.0,736088.0,2020-03-25 00:56:49
2020-03-25 00:56:51,735844.0,736088.0,2020-03-25 00:56:51
2020-03-25 00:56:52,735844.0,736088.0,2020-03-25 00:56:52
2020-03-25 00:56:53,735844.0,736088.0,2020-03-25 00:56:53
2020-03-25 00:56:54,735983.0,736154.0,2020-03-25 00:56:54
2020-03-25 00:56:55,735983.0,736154.0,2020-03-25 00:56:55
2020-03-25 00:56:56,735990.0,736104.0,2020-03-25 00:56:56
2020-03-25 00:56:57,735990.0,736104.0,2020-03-25 00:56:57
2020-03-25 00:56:58,736003.0,736119.0,2020-03-25 00:56:58
2020-03-25 00:56:59,736003.0,736119.0,2020-03-25 00:56:59
2020-03-25 00:57:00,735766.0,736110.0,2020-03-25 00:57:00
2020-03-25 00:57:01,735766.0,736110.0,2020-03-25 00:57:01
2020-03-25 00:57:02,735782.0,735999.0,2020-03-25 00:57:02
2020-03-25 00:57:03,735782.0,735999.0,2020-03-25 00:57:03
2020-03-25 00:57:04,735782.0,735949.0,2020-03-25 00:57:04
2020-03-25 00:57:05,735782.0,735949.0,2020-03-25 00:57:05
2020-03-25 00:57:06,735782.0,735949.0,2020-03-25 00:57:06
2020-03-25 00:57:07,735782.0,735949.0,2020-03-25 00:57:07
2020-03-25 00:57:09,735782.0,735949.0,2020-03-25 00:57:08
2020-03-25 00:57:10,735782.0,735949.0,2020-03-25 00:57:10
2020-03-25 00:57:11,735782.0,735949.0,2020-03-25 00:57:11
2020-03-25 00:57:12,735782.0,735949.0,2020-03-25 00:57:12
2020-03-25 00:57:13,735782.0,735949.0,2020-03-25 00:57:13
2020-03-25 00:57:14,735782.0,735949.0,2020-03-25 00:57:14
2020-03-25 00:57:15,735782.0,735949.0,2020-03-25 00:57:15
2020-03-25 00:57:16,735782.0,735949.0,2020-03-25 00:57:16
2020-03-25 00:57:17,735782.0,735949.0,2020-03-25 00:57:17
2020-03-25 00:57:18,735782.0,735949.0,2020-03-25 00:57:18
2020-03-25 00:57:19,735782.0,735949.0,2020-03-25 00:57:19
2020-03-25 00:57:20,735782.0,735949.0,2020-03-25 00:57:20
2020-03-25 00:57:21,735782.0,735949.0,2020-03-25 00:57:21
2020-03-25 00:57:22,735782.0,735949.0,2020-03-25 00:57:22
2020-03-25 00:57:23,735782.0,735949.0,2020-03-25 00:57:23
2020-03-25 00:57:24,735782.0,735949.0,2020-03-25 00:57:24
2020-03-25 00:57:26,735782.0,735949.0,2020-03-25 00:57:25
2020-03-25 00:57:27,735782.0,735949.0,2020-03-25 00:57:27
2020-03-25 00:57:28,735782.0,735949.0,2020-03-25 00:57:28
2020-03-25 00:57:29,735782.0,735949.0,2020-03-25 00:57:29
2020-03-25 00:57:30,735782.0,735949.0,2020-03-25 00:57:30
2020-03-25 00:57:31,735782.0,735949.0,2020-03-25 00:57:31
2020-03-25 00:57:32,735782.0,735949.0,2020-03-25 00:57:32
2020-03-25 00:57:33,735782.0,735949.0,2020-03-25 00:57:33
2020-03-25 00:57:34,735782.0,735949.0,2020-03-25 00:57:34
2020-03-25 00:57:35,735782.0,735949.0,2020-03-25 00:57:35
2020-03-25 00:57:36,735782.0,735949.0,2020-03-25 00:57:36
2020-03-25 00:57:37,735782.0,735949.0,2020-03-25 00:57:37
2020-03-25 00:57:38,735782.0,735949.0,2020-03-25 00:57:38
2020-03-25 00:57:39,735782.0,735949.0,2020-03-25 00:57:39
2020-03-25 00:57:40,735782.0,735949.0,2020-03-25 00:57:40
2020-03-25 00:57:41,735782.0,735949.0,2020-03-25 00:57:41
2020-03-25 00:57:42,735782.0,735949.0,2020-03-25 00:57:42
2020-03-25 00:57:44,735782.0,735949.0,2020-03-25 00:57:43
2020-03-25 00:57:45,735782.0,735949.0,2020-03-25 00:57:45
2020-03-25 00:57:46,735782.0,735949.0,2020-03-25 00:57:46
2020-03-25 00:57:47,735782.0,735949.0,2020-03-25 00:57:47
2020-03-25 00:57:48,735782.0,735949.0,2020-03-25 00:57:48
2020-03-25 00:57:49,735782.0,735949.0,2020-03-25 00:57:49
2020-03-25 00:57:50,735782.0,735949.0,2020-03-25 00:57:50
2020-03-25 00:57:51,735782.0,735949.0,2020-03-25 00:57:51
2020-03-25 00:57:52,735782.0,735949.0,2020-03-25 00:57:52
2020-03-25 00:57:53,735782.0,735949.0,2020-03-25 00:57:53
2020-03-25 00:57:54,735782.0,735949.0,2020-03-25 00:57:54
2020-03-25 00:57:55,735782.0,735949.0,2020-03-25 00:57:55
2020-03-25 00:57:56,735782.0,735949.0,2020-03-25 00:57:56
2020-03-25 00:57:57,735782.0,735949.0,2020-03-25 00:57:57
2020-03-25 00:57:58,735782.0,735949.0,2020-03-25 00:57:58
2020-03-25 00:57:59,735782.0,735949.0,2020-03-25 00:57:59
2020-03-25 00:58:00,735782.0,735949.0,2020-03-25 00:58:00
2020-03-25 00:58:02,735782.0,735949.0,2020-03-25 00:58:01
2020-03-25 00:58:03,735782.0,735949.0,2020-03-25 00:58:03
2020-03-25 00:58:04,735782.0,735949.0,2020-03-25 00:58:04
2020-03-25 00:58:05,735782.0,735949.0,2020-03-25 00:58:05
2020-03-25 00:58:06,735782.0,735949.0,2020-03-25 00:58:06
2020-03-25 00:58:07,735782.0,735949.0,2020-03-25 00:58:07
2020-03-25 00:58:08,735782.0,735949.0,2020-03-25 00:58:08
2020-03-25 00:58:09,735782.0,735949.0,2020-03-25 00:58:09
2020-03-25 00:58:10,735782.0,735949.0,2020-03-25 00:58:10
2020-03-25 00:58:11,735782.0,735949.0,2020-03-25 00:58:11
