timestamp,bid,ask,tick_timestamp
2020-03-25 10:37:45,741773.0,742217.0,2020-03-25 10:37:45
2020-03-25 10:37:46,741840.0,742350.0,2020-03-25 10:37:46
2020-03-25 10:37:47,741840.0,742350.0,2020-03-25 10:37:47
2020-03-25 10:37:48,741840.0,742350.0,2020-03-25 10:37:48
2020-03-25 10:37:50,741840.0,742350.0,2020-03-25 10:37:49
2020-03-25 10:37:51,741840.0,742350.0,2020-03-25 10:37:51
2020-03-25 10:37:52,741840.0,742350.0,2020-03-25 10:37:52
2020-03-25 10:37:53,741840.0,742350.0,2020-03-25 10:37:53
2020-03-25 10:37:54,741840.0,742350.0,2020-03-25 10:37:54
2020-03-25 10:37:55,741840.0,742350.0,2020-03-25 10:37:55
2020-03-25 10:37:56,742077.0,742146.0,2020-03-25 10:37:56
2020-03-25 10:37:57,742077.0,742146.0,2020-03-25 10:37:57
2020-03-25 10:37:58,742077.0,742146.0,2020-03-25 10:37:58
2020-03-25 10:37:59,742077.0,742146.0,2020-03-25 10:37:59
2020-03-25 10:38:00,742077.0,742146.0,2020-03-25 10:38:00
2020-03-25 10:38:01,742077.0,742146.0,2020-03-25 10:38:01
2020-03-25 10:38:02,742077.0,742146.0,2020-03-25 10:38:02
2020-03-25 10:38:03,742077.0,742146.0,2020-03-25 10:38:03
2020-03-25 10:38:04,742077.0,742146.0,2020-03-25 10:38:04
2020-03-25 10:38:05,741248.0,741846.0,2020-03-25 10:38:05
2020-03-25 10:38:06,741248.0,741846.0,2020-03-25 10:38:06
2020-03-25 10:38:07,741248.0,741846.0,2020-03-25 10:38:07
2020-03-25 10:38:09,741248.0,741846.0,2020-03-25 10:38:08
2020-03-25 10:38:10,741248.0,741846.0,2020-03-25 10:38:10
2020-03-25 10:38:11,741248.0,741846.0,2020-03-25 10:38:11
2020-03-25 10:38:12,741248.0,741846.0,2020-03-25 10:38:12
2020-03-25 10:38:13,741248.0,741846.0,2020-03-25 10:38:13
2020-03-25 10:38:14,741248.0,741846.0,2020-03-25 10:38:14
2020-03-25 10:38:15,740967.0,741751.0,2020-03-25 10:38:15
2020-03-25 10:38:16,740967.0,741751.0,2020-03-25 10:38:16
2020-03-25 10:38:17,740967.0,741751.0,2020-03-25 10:38:17
2020-03-25 10:38:18,740967.0,741751.0,2020-03-25 10:38:18
2020-03-25 10:38:19,740967.0,741751.0,2020-03-25 10:38:19
2020-03-25 10:38:20,740967.0,741751.0,2020-03-25 10:38:20
2020-03-25 10:38:21,740967.0,741751.0,2020-03-25 10:38:21
2020-03-25 10:38:22,740967.0,741751.0,2020-03-25 10:38:22
2020-03-25 10:38:23,740967.0,741751.0,2020-03-25 10:38:23
2020-03-25 10:38:24,740967.0,741751.0,2020-03-25 10:38:24
2020-03-25 10:38:25,740730.0,740995.0,2020-03-25 10:38:25
2020-03-25 10:38:26,740730.0,740995.0,2020-03-25 10:38:26
2020-03-25 10:38:27,740730.0,740995.0,2020-03-25 10:38:27
2020-03-25 10:38:29,740730.0,740995.0,2020-03-25 10:38:28
2020-03-25 10:38:30,740730.0,740995.0,2020-03-25 10:38:30
2020-03-25 10:38:31,740730.0,740995.0,2020-03-25 10:38:31
2020-03-25 10:38:32,740730.0,740995.0,2020-03-25 10:38:32
2020-03-25 10:38:33,740730.0,740995.0,2020-03-25 10:38:33
2020-03-25 10:38:34,740730.0,740995.0,2020-03-25 10:38:34
2020-03-25 10:38:35,740730.0,740995.0,2020-03-25 10:38:35
2020-03-25 10:38:36,740555.0,740866.0,2020-03-25 10:38:36
2020-03-25 10:38:37,740555.0,740866.0,2020-03-25 10:38:37
2020-03-25 10:38:38,740555.0,740866.0,2020-03-25 10:38:38
2020-03-25 10:38:39,740555.0,740866.0,2020-03-25 10:38:39
2020-03-25 10:38:40,740555.0,740866.0,2020-03-25 10:38:40
2020-03-25 10:38:41,740555.0,740866.0,2020-03-25 10:38:41
2020-03-25 10:38:42,740555.0,740866.0,2020-03-25 10:38:42
2020-03-25 10:38:43,740555.0,740866.0,2020-03-25 10:38:43
2020-03-25 10:38:44,740555.0,740866.0,2020-03-25 10:38:44
2020-03-25 10:38:45,740555.0,740866.0,2020-03-25 10:38:45
2020-03-25 10:38:46,740436.0,740753.0,2020-03-25 10:38:46
2020-03-25 10:38:47,740436.0,740753.0,2020-03-25 10:38:47
2020-03-25 10:38:49,740436.0,740753.0,2020-03-25 10:38:48
2020-03-25 10:38:50,740436.0,740753.0,2020-03-25 10:38:50
2020-03-25 10:38:51,740436.0,740753.0,2020-03-25 10:38:51
2020-03-25 10:38:52,740436.0,740753.0,2020-03-25 10:38:52
2020-03-25 10:38:53,740436.0,740753.0,2020-03-25 10:38:53
2020-03-25 10:38:54,740436.0,740753.0,2020-03-25 10:38:54
2020-03-25 10:38:55,740449.0,741007.0,2020-03-25 10:38:55
2020-03-25 10:38:56,740449.0,741007.0,2020-03-25 10:38:56
2020-03-25 10:38:57,740449.0,741007.0,2020-03-25 10:38:57
2020-03-25 10:38:58,740449.0,741007.0,2020-03-25 10:38:58
2020-03-25 10:38:59,740449.0,741007.0,2020-03-25 10:38:59
2020-03-25 10:39:00,740449.0,741007.0,2020-03-25 10:39:00
2020-03-25 10:39:01,740449.0,741007.0,2020-03-25 10:39:01
2020-03-25 10:39:02,740449.0,741007.0,2020-03-25 10:39:02
2020-03-25 10:39:03,740449.0,741007.0,2020-03-25 10:39:03
2020-03-25 10:39:04,740449.0,741007.0,2020-03-25 10:39:04
2020-03-25 10:39:05,740449.0,741007.0,2020-03-25 10:39:05
2020-03-25 10:39:06,740502.0,741092.0,2020-03-25 10:39:06
2020-03-25 10:39:07,740502.0,741092.0,2020-03-25 10:39:07
2020-03-25 10:39:09,740502.0,741092.0,2020-03-25 10:39:09
2020-03-25 10:39:10,740502.0,741092.0,2020-03-25 10:39:10
2020-03-25 10:39:11,740502.0,741092.0,2020-03-25 10:39:11
2020-03-25 10:39:12,740502.0,741092.0,2020-03-25 10:39:12
2020-03-25 10:39:13,740502.0,741092.0,2020-03-25 10:39:13
2020-03-25 10:39:14,740502.0,741092.0,2020-03-25 10:39:14
2020-03-25 10:39:15,740502.0,741092.0,2020-03-25 10:39:15
2020-03-25 10:39:16,740368.0,740710.0,2020-03-25 10:39:16
2020-03-25 10:39:17,740368.0,740710.0,2020-03-25 10:39:17
2020-03-25 10:39:18,740368.0,740710.0,2020-03-25 10:39:18
2020-03-25 10:39:19,740368.0,740710.0,2020-03-25 10:39:19
2020-03-25 10:39:20,740368.0,740710.0,2020-03-25 10:39:20
2020-03-25 10:39:21,740368.0,740710.0,2020-03-25 10:39:21
2020-03-25 10:39:22,740368.0,740710.0,2020-03-25 10:39:22
2020-03-25 10:39:23,740368.0,740710.0,2020-03-25 10:39:23
2020-03-25 10:39:24,740368.0,740710.0,2020-03-25 10:39:24
2020-03-25 10:39:25,740368.0,740710.0,2020-03-25 10:39:25
2020-03-25 10:39:26,740368.0,740710.0,2020-03-25 10:39:26
2020-03-25 10:39:28,740268.0,740619.0,2020-03-25 10:39:27
2020-03-25 10:39:29,740268.0,740619.0,2020-03-25 10:39:29
2020-03-25 10:39:30,740268.0,740619.0,2020-03-25 10:39:30
2020-03-25 10:39:31,740268.0,740619.0,2020-03-25 10:39:31
2020-03-25 10:39:32,740268.0,740619.0,2020-03-25 10:39:32
2020-03-25 10:39:33,740268.0,740619.0,2020-03-25 10:39:33
2020-03-25 10:39:34,740268.0,740619.0,2020-03-25 10:39:34
2020-03-25 10:39:35,740268.0,740619.0,2020-03-25 10:39:35
2020-03-25 10:39:36,740268.0,740619.0,2020-03-25 10:39:36
2020-03-25 10:39:37,741070.0,741222.0,2020-03-25 10:39:37
2020-03-25 10:39:38,741070.0,741222.0,2020-03-25 10:39:38
2020-03-25 10:39:39,741070.0,741222.0,2020-03-25 10:39:39
2020-03-25 10:39:40,741070.0,741222.0,2020-03-25 10:39:40
2020-03-25 10:39:41,741070.0,741222.0,2020-03-25 10:39:41
2020-03-25 10:39:42,741070.0,741222.0,2020-03-25 10:39:42
2020-03-25 10:39:43,741070.0,741222.0,2020-03-25 10:39:43
2020-03-25 10:39:44,741070.0,741222.0,2020-03-25 10:39:44
2020-03-25 10:39:45,741070.0,741222.0,2020-03-25 10:39:45
2020-03-25 10:39:47,740711.0,741398.0,2020-03-25 10:39:46
2020-03-25 10:39:48,740711.0,741398.0,2020-03-25 10:39:48
2020-03-25 10:39:49,740711.0,741398.0,2020-03-25 10:39:49
2020-03-25 10:39:50,740711.0,741398.0,2020-03-25 10:39:50
2020-03-25 10:39:51,740711.0,741398.0,2020-03-25 10:39:51
2020-03-25 10:39:52,740711.0,741398.0,2020-03-25 10:39:52
2020-03-25 10:39:53,740711.0,741398.0,2020-03-25 10:39:53
2020-03-25 10:39:54,740711.0,741398.0,2020-03-25 10:39:54
2020-03-25 10:39:55,740711.0,741398.0,2020-03-25 10:39:55
2020-03-25 10:39:56,740711.0,741398.0,2020-03-25 10:39:56
2020-03-25 10:39:57,740699.0,741206.0,2020-03-25 10:39:57
2020-03-25 10:39:58,740699.0,741206.0,2020-03-25 10:39:58
2020-03-25 10:39:59,740699.0,741206.0,2020-03-25 10:39:59
2020-03-25 10:40:00,740699.0,741206.0,2020-03-25 10:40:00
2020-03-25 10:40:01,740699.0,741206.0,2020-03-25 10:40:01
2020-03-25 10:40:02,740699.0,741206.0,2020-03-25 10:40:02
2020-03-25 10:40:04,740699.0,741206.0,2020-03-25 10:40:04
2020-03-25 10:40:05,740699.0,741206.0,2020-03-25 10:40:05
2020-03-25 10:40:06,740733.0,741152.0,2020-03-25 10:40:06
2020-03-25 10:40:07,740733.0,741152.0,2020-03-25 10:40:07
2020-03-25 10:40:08,740733.0,741152.0,2020-03-25 10:40:08
2020-03-25 10:40:09,740733.0,741152.0,2020-03-25 10:40:09
2020-03-25 10:40:10,740733.0,741152.0,2020-03-25 10:40:10
2020-03-25 10:40:11,740733.0,741152.0,2020-03-25 10:40:11
2020-03-25 10:40:12,740733.0,741152.0,2020-03-25 10:40:12
2020-03-25 10:40:13,740733.0,741152.0,2020-03-25 10:40:13
2020-03-25 10:40:14,740733.0,741152.0,2020-03-25 10:40:14
2020-03-25 10:40:15,740733.0,741152.0,2020-03-25 10:40:15
2020-03-25 10:40:16,740733.0,741152.0,2020-03-25 10:40:16
2020-03-25 10:40:17,740781.0,741142.0,2020-03-25 10:40:17
2020-03-25 10:40:18,740781.0,741142.0,2020-03-25 10:40:18
2020-03-25 10:40:20,740781.0,741142.0,2020-03-25 10:40:19
2020-03-25 10:40:21,740781.0,741142.0,2020-03-25 10:40:21
2020-03-25 10:40:22,740781.0,741142.0,2020-03-25 10:40:22
2020-03-25 10:40:23,740781.0,741142.0,2020-03-25 10:40:23
2020-03-25 10:40:24,740781.0,741142.0,2020-03-25 10:40:24
2020-03-25 10:40:25,740781.0,741142.0,2020-03-25 10:40:25
2020-03-25 10:40:26,740781.0,741142.0,2020-03-25 10:40:26
2020-03-25 10:40:27,740781.0,741142.0,2020-03-25 10:40:27
2020-03-25 10:40:28,740781.0,741142.0,2020-03-25 10:40:28
2020-03-25 10:40:29,741462.0,742109.0,2020-03-25 10:40:29
2020-03-25 10:40:30,741462.0,742109.0,2020-03-25 10:40:30
2020-03-25 10:40:31,741462.0,742109.0,2020-03-25 10:40:31
2020-03-25 10:40:32,741462.0,742109.0,2020-03-25 10:40:32
2020-03-25 10:40:33,741462.0,742109.0,2020-03-25 10:40:33
2020-03-25 10:40:34,741462.0,742109.0,2020-03-25 10:40:34
2020-03-25 10:40:35,741462.0,742109.0,2020-03-25 10:40:35
2020-03-25 10:40:36,741462.0,742109.0,2020-03-25 10:40:36
2020-03-25 10:40:37,742148.0,742565.0,2020-03-25 10:40:37
2020-03-25 10:40:38,742148.0,742565.0,2020-03-25 10:40:38
2020-03-25 10:40:40,742148.0,742565.0,2020-03-25 10:40:39
2020-03-25 10:40:41,742148.0,742565.0,2020-03-25 10:40:41
2020-03-25 10:40:42,742148.0,742565.0,2020-03-25 10:40:42
2020-03-25 10:40:43,742148.0,742565.0,2020-03-25 10:40:43
2020-03-25 10:40:44,742148.0,742565.0,2020-03-25 10:40:44
2020-03-25 10:40:45,742148.0,742565.0,2020-03-25 10:40:45
2020-03-25 10:40:46,742148.0,742565.0,2020-03-25 10:40:46
2020-03-25 10:40:47,741628.0,742139.0,2020-03-25 10:40:47
2020-03-25 10:40:48,741628.0,742139.0,2020-03-25 10:40:48
2020-03-25 10:40:49,741628.0,742139.0,2020-03-25 10:40:49
2020-03-25 10:40:50,741628.0,742139.0,2020-03-25 10:40:50
2020-03-25 10:40:51,741628.0,742139.0,2020-03-25 10:40:51
2020-03-25 10:40:52,741628.0,742139.0,2020-03-25 10:40:52
2020-03-25 10:40:53,741628.0,742139.0,2020-03-25 10:40:53
2020-03-25 10:40:54,741628.0,742139.0,2020-03-25 10:40:54
2020-03-25 10:40:55,741628.0,742139.0,2020-03-25 10:40:55
2020-03-25 10:40:56,742006.0,742112.0,2020-03-25 10:40:56
2020-03-25 10:40:58,742006.0,742112.0,2020-03-25 10:40:57
2020-03-25 10:40:59,742006.0,742112.0,2020-03-25 10:40:59
2020-03-25 10:41:00,742006.0,742112.0,2020-03-25 10:41:00
2020-03-25 10:41:01,742006.0,742112.0,2020-03-25 10:41:01
2020-03-25 10:41:02,742006.0,742112.0,2020-03-25 10:41:02
2020-03-25 10:41:03,742006.0,742112.0,2020-03-25 10:41:03
2020-03-25 10:41:04,742006.0,742112.0,2020-03-25 10:41:04
2020-03-25 10:41:05,742006.0,742112.0,2020-03-25 10:41:05
2020-03-25 10:41:06,741425.0,741951.0,2020-03-25 10:41:06
2020-03-25 10:41:07,741425.0,741951.0,2020-03-25 10:41:07
2020-03-25 10:41:08,741425.0,741951.0,2020-03-25 10:41:08
2020-03-25 10:41:09,741425.0,741951.0,2020-03-25 10:41:09
2020-03-25 10:41:10,741425.0,741951.0,2020-03-25 10:41:10
2020-03-25 10:41:11,741425.0,741951.0,2020-03-25 10:41:11
2020-03-25 10:41:12,741425.0,741951.0,2020-03-25 10:41:12
2020-03-25 10:41:13,741425.0,741951.0,2020-03-25 10:41:13
2020-03-25 10:41:14,741425.0,741951.0,2020-03-25 10:41:14
2020-03-25 10:41:16,741425.0,741951.0,2020-03-25 10:41:15
2020-03-25 10:41:17,741873.0,742052.0,2020-03-25 10:41:17
2020-03-25 10:41:18,741873.0,742052.0,2020-03-25 10:41:18
2020-03-25 10:41:19,741873.0,742052.0,2020-03-25 10:41:19
2020-03-25 10:41:20,741873.0,742052.0,2020-03-25 10:41:20
2020-03-25 10:41:21,741873.0,742052.0,2020-03-25 10:41:21
2020-03-25 10:41:22,741873.0,742052.0,2020-03-25 10:41:22
2020-03-25 10:41:23,741873.0,742052.0,2020-03-25 10:41:23
2020-03-25 10:41:24,741873.0,742052.0,2020-03-25 10:41:24
2020-03-25 10:41:25,741873.0,742052.0,2020-03-25 10:41:25
2020-03-25 10:41:26,741873.0,742052.0,2020-03-25 10:41:26
2020-03-25 10:41:27,741435.0,742105.0,2020-03-25 10:41:27
2020-03-25 10:41:28,741435.0,742105.0,2020-03-25 10:41:28
2020-03-25 10:41:29,741435.0,742105.0,2020-03-25 10:41:29
2020-03-25 10:41:30,741435.0,742105.0,2020-03-25 10:41:30
2020-03-25 10:41:31,741435.0,742105.0,2020-03-25 10:41:31
2020-03-25 10:41:32,741435.0,742105.0,2020-03-25 10:41:32
2020-03-25 10:41:33,741435.0,742105.0,2020-03-25 10:41:33
2020-03-25 10:41:35,741435.0,742105.0,2020-03-25 10:41:34
2020-03-25 10:41:36,741435.0,742105.0,2020-03-25 10:41:36
2020-03-25 10:41:37,742149.0,742280.0,2020-03-25 10:41:37
2020-03-25 10:41:38,742149.0,742280.0,2020-03-25 10:41:38
2020-03-25 10:41:39,742149.0,742280.0,2020-03-25 10:41:39
2020-03-25 10:41:40,742149.0,742280.0,2020-03-25 10:41:40
2020-03-25 10:41:41,742149.0,742280.0,2020-03-25 10:41:41
2020-03-25 10:41:42,742149.0,742280.0,2020-03-25 10:41:42
2020-03-25 10:41:43,742149.0,742280.0,2020-03-25 10:41:43
2020-03-25 10:41:44,742149.0,742280.0,2020-03-25 10:41:44
2020-03-25 10:41:45,742149.0,742280.0,2020-03-25 10:41:45
2020-03-25 10:41:46,741901.0,742320.0,2020-03-25 10:41:46
2020-03-25 10:41:47,741901.0,742320.0,2020-03-25 10:41:47
2020-03-25 10:41:48,741901.0,742320.0,2020-03-25 10:41:48
2020-03-25 10:41:49,741901.0,742320.0,2020-03-25 10:41:49
2020-03-25 10:41:51,741901.0,742320.0,2020-03-25 10:41:50
2020-03-25 10:41:52,741901.0,742320.0,2020-03-25 10:41:52
2020-03-25 10:41:53,741901.0,742320.0,2020-03-25 10:41:53
2020-03-25 10:41:54,741901.0,742320.0,2020-03-25 10:41:54
2020-03-25 10:41:55,741901.0,742320.0,2020-03-25 10:41:55
2020-03-25 10:41:56,741901.0,742320.0,2020-03-25 10:41:56
2020-03-25 10:41:57,741924.0,742375.0,2020-03-25 10:41:57
2020-03-25 10:41:58,741924.0,742375.0,2020-03-25 10:41:58
2020-03-25 10:41:59,741924.0,742375.0,2020-03-25 10:41:59
2020-03-25 10:42:00,741924.0,742375.0,2020-03-25 10:42:00
2020-03-25 10:42:01,741924.0,742375.0,2020-03-25 10:42:01
2020-03-25 10:42:02,741924.0,742375.0,2020-03-25 10:42:02
2020-03-25 10:42:03,741924.0,742375.0,2020-03-25 10:42:03
2020-03-25 10:42:05,741924.0,742375.0,2020-03-25 10:42:04
2020-03-25 10:42:06,742002.0,742395.0,2020-03-25 10:42:06
2020-03-25 10:42:07,742002.0,742395.0,2020-03-25 10:42:07
2020-03-25 10:42:08,742002.0,742395.0,2020-03-25 10:42:08
2020-03-25 10:42:09,742002.0,742395.0,2020-03-25 10:42:09
2020-03-25 10:42:10,742002.0,742395.0,2020-03-25 10:42:10
2020-03-25 10:42:11,742002.0,742395.0,2020-03-25 10:42:11
2020-03-25 10:42:12,742002.0,742395.0,2020-03-25 10:42:12
2020-03-25 10:42:13,742002.0,742395.0,2020-03-25 10:42:13
2020-03-25 10:42:14,742002.0,742395.0,2020-03-25 10:42:14
2020-03-25 10:42:15,742002.0,742395.0,2020-03-25 10:42:15
2020-03-25 10:42:16,741578.0,741621.0,2020-03-25 10:42:16
2020-03-25 10:42:17,741578.0,741621.0,2020-03-25 10:42:17
2020-03-25 10:42:18,741578.0,741621.0,2020-03-25 10:42:18
2020-03-25 10:42:19,741578.0,741621.0,2020-03-25 10:42:19
2020-03-25 10:42:20,741578.0,741621.0,2020-03-25 10:42:20
2020-03-25 10:42:22,741578.0,741621.0,2020-03-25 10:42:21
2020-03-25 10:42:23,741578.0,741621.0,2020-03-25 10:42:23
2020-03-25 10:42:24,741578.0,741621.0,2020-03-25 10:42:24
2020-03-25 10:42:25,741578.0,741621.0,2020-03-25 10:42:25
2020-03-25 10:42:26,741578.0,741621.0,2020-03-25 10:42:26
2020-03-25 10:42:27,741776.0,742195.0,2020-03-25 10:42:27
2020-03-25 10:42:28,741776.0,742195.0,2020-03-25 10:42:28
2020-03-25 10:42:29,741776.0,742195.0,2020-03-25 10:42:29
2020-03-25 10:42:30,741776.0,742195.0,2020-03-25 10:42:30
2020-03-25 10:42:31,741776.0,742195.0,2020-03-25 10:42:31
2020-03-25 10:42:32,741776.0,742195.0,2020-03-25 10:42:32
2020-03-25 10:42:33,741776.0,742195.0,2020-03-25 10:42:33
2020-03-25 10:42:34,741776.0,742195.0,2020-03-25 10:42:34
2020-03-25 10:42:35,741776.0,742195.0,2020-03-25 10:42:35
2020-03-25 10:42:36,741776.0,742195.0,2020-03-25 10:42:36
2020-03-25 10:42:37,741437.0,742067.0,2020-03-25 10:42:37
2020-03-25 10:42:38,741437.0,742067.0,2020-03-25 10:42:38
2020-03-25 10:42:40,741437.0,742067.0,2020-03-25 10:42:39
2020-03-25 10:42:41,741437.0,742067.0,2020-03-25 10:42:41
2020-03-25 10:42:42,741437.0,742067.0,2020-03-25 10:42:42
2020-03-25 10:42:43,741437.0,742067.0,2020-03-25 10:42:43
2020-03-25 10:42:47,741437.0,742067.0,2020-03-25 10:42:44
2020-03-25 10:42:48,741189.0,741866.0,2020-03-25 10:42:48
2020-03-25 10:42:49,741189.0,741866.0,2020-03-25 10:42:49
2020-03-25 10:42:50,741189.0,741866.0,2020-03-25 10:42:50
2020-03-25 10:42:51,741189.0,741866.0,2020-03-25 10:42:51
2020-03-25 10:42:53,741189.0,741866.0,2020-03-25 10:42:52
2020-03-25 10:42:54,741189.0,741866.0,2020-03-25 10:42:54
2020-03-25 10:42:55,741189.0,741866.0,2020-03-25 10:42:55
2020-03-25 10:42:56,741277.0,741828.0,2020-03-25 10:42:56
2020-03-25 10:42:57,741277.0,741828.0,2020-03-25 10:42:57
2020-03-25 10:42:58,741277.0,741828.0,2020-03-25 10:42:58
2020-03-25 10:42:59,741277.0,741828.0,2020-03-25 10:42:59
2020-03-25 10:43:00,741277.0,741828.0,2020-03-25 10:43:00
2020-03-25 10:43:01,741277.0,741828.0,2020-03-25 10:43:01
2020-03-25 10:43:02,741277.0,741828.0,2020-03-25 10:43:02
2020-03-25 10:43:03,741277.0,741828.0,2020-03-25 10:43:03
2020-03-25 10:43:04,741118.0,741137.0,2020-03-25 10:43:04
2020-03-25 10:43:05,741118.0,741137.0,2020-03-25 10:43:05
2020-03-25 10:43:06,741118.0,741137.0,2020-03-25 10:43:06
2020-03-25 10:43:07,741118.0,741137.0,2020-03-25 10:43:07
2020-03-25 10:43:08,741118.0,741137.0,2020-03-25 10:43:08
2020-03-25 10:43:09,741118.0,741137.0,2020-03-25 10:43:09
2020-03-25 10:43:10,741118.0,741137.0,2020-03-25 10:43:10
2020-03-25 10:43:12,741118.0,741137.0,2020-03-25 10:43:11
2020-03-25 10:43:13,741118.0,741137.0,2020-03-25 10:43:13
2020-03-25 10:43:14,741118.0,741137.0,2020-03-25 10:43:14
2020-03-25 10:43:15,741118.0,741137.0,2020-03-25 10:43:15
2020-03-25 10:43:16,741118.0,741137.0,2020-03-25 10:43:16
2020-03-25 10:43:17,741043.0,741321.0,2020-03-25 10:43:17
2020-03-25 10:43:18,741043.0,741321.0,2020-03-25 10:43:18
2020-03-25 10:43:19,741043.0,741321.0,2020-03-25 10:43:19
2020-03-25 10:43:20,741043.0,741321.0,2020-03-25 10:43:20
2020-03-25 10:43:21,741043.0,741321.0,2020-03-25 10:43:21
2020-03-25 10:43:22,741043.0,741321.0,2020-03-25 10:43:22
2020-03-25 10:43:23,741043.0,741321.0,2020-03-25 10:43:23
2020-03-25 10:43:24,741043.0,741321.0,2020-03-25 10:43:24
2020-03-25 10:43:25,740823.0,741414.0,2020-03-25 10:43:25
2020-03-25 10:43:26,740823.0,741414.0,2020-03-25 10:43:26
2020-03-25 10:43:27,740823.0,741414.0,2020-03-25 10:43:27
2020-03-25 10:43:28,740823.0,741414.0,2020-03-25 10:43:28
2020-03-25 10:43:29,740823.0,741414.0,2020-03-25 10:43:29
2020-03-25 10:43:30,740823.0,741414.0,2020-03-25 10:43:30
2020-03-25 10:43:32,740823.0,741414.0,2020-03-25 10:43:31
2020-03-25 10:43:33,740823.0,741414.0,2020-03-25 10:43:33
2020-03-25 10:43:34,740823.0,741414.0,2020-03-25 10:43:34
2020-03-25 10:43:35,740789.0,741083.0,2020-03-25 10:43:35
2020-03-25 10:43:36,740789.0,741083.0,2020-03-25 10:43:36
2020-03-25 10:43:37,740789.0,741083.0,2020-03-25 10:43:37
2020-03-25 10:43:38,740789.0,741083.0,2020-03-25 10:43:38
2020-03-25 10:43:39,740789.0,741083.0,2020-03-25 10:43:39
2020-03-25 10:43:40,740789.0,741083.0,2020-03-25 10:43:40
2020-03-25 10:43:41,740789.0,741083.0,2020-03-25 10:43:41
2020-03-25 10:43:42,740789.0,741083.0,2020-03-25 10:43:42
2020-03-25 10:43:43,740789.0,741083.0,2020-03-25 10:43:43
2020-03-25 10:43:44,740699.0,740915.0,2020-03-25 10:43:44
2020-03-25 10:43:45,740699.0,740915.0,2020-03-25 10:43:45
2020-03-25 10:43:46,740699.0,740915.0,2020-03-25 10:43:46
2020-03-25 10:43:47,740699.0,740915.0,2020-03-25 10:43:47
2020-03-25 10:43:48,740699.0,740915.0,2020-03-25 10:43:48
2020-03-25 10:43:49,740699.0,740915.0,2020-03-25 10:43:49
2020-03-25 10:43:51,740699.0,740915.0,2020-03-25 10:43:50
2020-03-25 10:43:52,740699.0,740915.0,2020-03-25 10:43:52
2020-03-25 10:43:53,740699.0,740915.0,2020-03-25 10:43:53
2020-03-25 10:43:54,740699.0,740915.0,2020-03-25 10:43:54
2020-03-25 10:43:55,740699.0,740893.0,2020-03-25 10:43:55
2020-03-25 10:43:56,740699.0,740893.0,2020-03-25 10:43:56
2020-03-25 10:43:57,740699.0,740893.0,2020-03-25 10:43:57
2020-03-25 10:43:58,740699.0,740893.0,2020-03-25 10:43:58
2020-03-25 10:43:59,740699.0,740893.0,2020-03-25 10:43:59
2020-03-25 10:44:00,740699.0,740893.0,2020-03-25 10:44:00
2020-03-25 10:44:01,740699.0,740893.0,2020-03-25 10:44:01
2020-03-25 10:44:02,740699.0,740893.0,2020-03-25 10:44:02
2020-03-25 10:44:03,740699.0,740893.0,2020-03-25 10:44:03
2020-03-25 10:44:04,740699.0,740893.0,2020-03-25 10:44:04
2020-03-25 10:44:05,740699.0,740860.0,2020-03-25 10:44:05
2020-03-25 10:44:06,740699.0,740860.0,2020-03-25 10:44:06
2020-03-25 10:44:07,740699.0,740860.0,2020-03-25 10:44:07
2020-03-25 10:44:08,740699.0,740860.0,2020-03-25 10:44:08
2020-03-25 10:44:09,740699.0,740860.0,2020-03-25 10:44:09
2020-03-25 10:44:11,740699.0,740860.0,2020-03-25 10:44:10
2020-03-25 10:44:12,740699.0,740860.0,2020-03-25 10:44:12
2020-03-25 10:44:13,740699.0,740860.0,2020-03-25 10:44:13
2020-03-25 10:44:14,740699.0,740860.0,2020-03-25 10:44:14
2020-03-25 10:44:15,740699.0,740860.0,2020-03-25 10:44:15
2020-03-25 10:44:16,740699.0,740860.0,2020-03-25 10:44:16
2020-03-25 10:44:17,740417.0,740898.0,2020-03-25 10:44:17
2020-03-25 10:44:18,740417.0,740898.0,2020-03-25 10:44:18
2020-03-25 10:44:19,740417.0,740898.0,2020-03-25 10:44:19
2020-03-25 10:44:20,740417.0,740898.0,2020-03-25 10:44:20
2020-03-25 10:44:21,740417.0,740898.0,2020-03-25 10:44:21
2020-03-25 10:44:22,740417.0,740898.0,2020-03-25 10:44:22
2020-03-25 10:44:24,740417.0,740898.0,2020-03-25 10:44:23
2020-03-25 10:44:25,740429.0,740848.0,2020-03-25 10:44:25
2020-03-25 10:44:26,740429.0,740848.0,2020-03-25 10:44:26
2020-03-25 10:44:27,740429.0,740848.0,2020-03-25 10:44:27
2020-03-25 10:44:28,740429.0,740848.0,2020-03-25 10:44:28
2020-03-25 10:44:29,740429.0,740848.0,2020-03-25 10:44:29
2020-03-25 10:44:30,740429.0,740848.0,2020-03-25 10:44:30
2020-03-25 10:44:31,740429.0,740848.0,2020-03-25 10:44:31
2020-03-25 10:44:32,740429.0,740848.0,2020-03-25 10:44:32
2020-03-25 10:44:33,740429.0,740848.0,2020-03-25 10:44:33
2020-03-25 10:44:34,740429.0,740848.0,2020-03-25 10:44:34
2020-03-25 10:44:35,740467.0,741094.0,2020-03-25 10:44:35
2020-03-25 10:44:36,740467.0,741094.0,2020-03-25 10:44:36
2020-03-25 10:44:37,740467.0,741094.0,2020-03-25 10:44:37
2020-03-25 10:44:38,740467.0,741094.0,2020-03-25 10:44:38
2020-03-25 10:44:39,740467.0,741094.0,2020-03-25 10:44:39
2020-03-25 10:44:40,740467.0,741094.0,2020-03-25 10:44:40
2020-03-25 10:44:41,740467.0,741094.0,2020-03-25 10:44:41
2020-03-25 10:44:43,740467.0,741094.0,2020-03-25 10:44:42
2020-03-25 10:44:44,740467.0,741094.0,2020-03-25 10:44:44
2020-03-25 10:44:45,740467.0,741094.0,2020-03-25 10:44:45
2020-03-25 10:44:46,740467.0,741094.0,2020-03-25 10:44:46
2020-03-25 10:44:47,740467.0,741094.0,2020-03-25 10:44:47
2020-03-25 10:44:48,740467.0,741094.0,2020-03-25 10:44:48
2020-03-25 10:44:49,741190.0,741746.0,2020-03-25 10:44:49
2020-03-25 10:44:50,741190.0,741746.0,2020-03-25 10:44:50
2020-03-25 10:44:51,741190.0,741746.0,2020-03-25 10:44:51
2020-03-25 10:44:52,741190.0,741746.0,2020-03-25 10:44:52
2020-03-25 10:44:53,741190.0,741746.0,2020-03-25 10:44:53
2020-03-25 10:44:54,741190.0,741746.0,2020-03-25 10:44:54
2020-03-25 10:44:55,740876.0,741134.0,2020-03-25 10:44:55
2020-03-25 10:44:56,740876.0,741134.0,2020-03-25 10:44:56
2020-03-25 10:44:57,740876.0,741134.0,2020-03-25 10:44:57
2020-03-25 10:44:58,740876.0,741134.0,2020-03-25 10:44:58
2020-03-25 10:44:59,740876.0,741134.0,2020-03-25 10:44:59
2020-03-25 10:45:01,740876.0,741134.0,2020-03-25 10:45:00
2020-03-25 10:45:02,740876.0,741134.0,2020-03-25 10:45:02
2020-03-25 10:45:03,740876.0,741134.0,2020-03-25 10:45:03
2020-03-25 10:45:04,740876.0,741134.0,2020-03-25 10:45:04
2020-03-25 10:45:05,740876.0,741134.0,2020-03-25 10:45:05
2020-03-25 10:45:06,740876.0,741134.0,2020-03-25 10:45:06
2020-03-25 10:45:07,740579.0,740900.0,2020-03-25 10:45:07
2020-03-25 10:45:08,740579.0,740900.0,2020-03-25 10:45:08
2020-03-25 10:45:09,740579.0,740900.0,2020-03-25 10:45:09
2020-03-25 10:45:10,740579.0,740900.0,2020-03-25 10:45:10
2020-03-25 10:45:11,740579.0,740900.0,2020-03-25 10:45:11
2020-03-25 10:45:12,740579.0,740900.0,2020-03-25 10:45:12
2020-03-25 10:45:13,740579.0,740900.0,2020-03-25 10:45:13
2020-03-25 10:45:14,740579.0,740900.0,2020-03-25 10:45:14
2020-03-25 10:45:15,740579.0,740900.0,2020-03-25 10:45:15
2020-03-25 10:45:16,740579.0,740900.0,2020-03-25 10:45:16
2020-03-25 10:45:17,740579.0,740900.0,2020-03-25 10:45:17
2020-03-25 10:45:19,740462.0,740847.0,2020-03-25 10:45:18
2020-03-25 10:45:20,740462.0,740847.0,2020-03-25 10:45:20
2020-03-25 10:45:21,740462.0,740847.0,2020-03-25 10:45:21
2020-03-25 10:45:22,740462.0,740847.0,2020-03-25 10:45:22
2020-03-25 10:45:23,740462.0,740847.0,2020-03-25 10:45:23
2020-03-25 10:45:24,740462.0,740847.0,2020-03-25 10:45:24
2020-03-25 10:45:25,740462.0,740847.0,2020-03-25 10:45:25
2020-03-25 10:45:26,740462.0,740847.0,2020-03-25 10:45:26
2020-03-25 10:45:28,740318.0,740670.0,2020-03-25 10:45:27
2020-03-25 10:45:29,740318.0,740670.0,2020-03-25 10:45:29
2020-03-25 10:45:30,740318.0,740670.0,2020-03-25 10:45:30
2020-03-25 10:45:31,740318.0,740670.0,2020-03-25 10:45:31
2020-03-25 10:45:32,740318.0,740670.0,2020-03-25 10:45:32
2020-03-25 10:45:33,740318.0,740670.0,2020-03-25 10:45:33
2020-03-25 10:45:34,740318.0,740670.0,2020-03-25 10:45:34
2020-03-25 10:45:35,740318.0,740670.0,2020-03-25 10:45:35
2020-03-25 10:45:36,740318.0,740670.0,2020-03-25 10:45:36
2020-03-25 10:45:37,740391.0,740685.0,2020-03-25 10:45:37
2020-03-25 10:45:38,740391.0,740685.0,2020-03-25 10:45:38
2020-03-25 10:45:39,740391.0,740685.0,2020-03-25 10:45:39
2020-03-25 10:45:40,740391.0,740685.0,2020-03-25 10:45:40
2020-03-25 10:45:41,740391.0,740685.0,2020-03-25 10:45:41
2020-03-25 10:45:42,740391.0,740685.0,2020-03-25 10:45:42
2020-03-25 10:45:43,740391.0,740685.0,2020-03-25 10:45:43
2020-03-25 10:45:44,740391.0,740685.0,2020-03-25 10:45:44
2020-03-25 10:45:45,740391.0,740685.0,2020-03-25 10:45:45
2020-03-25 10:45:46,740321.0,740679.0,2020-03-25 10:45:46
2020-03-25 10:45:48,740321.0,740679.0,2020-03-25 10:45:47
2020-03-25 10:45:49,740321.0,740679.0,2020-03-25 10:45:49
2020-03-25 10:45:50,740321.0,740679.0,2020-03-25 10:45:50
2020-03-25 10:45:51,740321.0,740679.0,2020-03-25 10:45:51
2020-03-25 10:45:52,740321.0,740679.0,2020-03-25 10:45:52
2020-03-25 10:45:53,740321.0,740679.0,2020-03-25 10:45:53
2020-03-25 10:45:54,740321.0,740679.0,2020-03-25 10:45:54
2020-03-25 10:45:55,740321.0,740679.0,2020-03-25 10:45:55
2020-03-25 10:45:56,740321.0,740679.0,2020-03-25 10:45:56
2020-03-25 10:45:57,740321.0,740679.0,2020-03-25 10:45:57
2020-03-25 10:45:58,740262.0,740648.0,2020-03-25 10:45:58
2020-03-25 10:45:59,740262.0,740648.0,2020-03-25 10:45:59
2020-03-25 10:46:00,740262.0,740648.0,2020-03-25 10:46:00
2020-03-25 10:46:01,740262.0,740648.0,2020-03-25 10:46:01
2020-03-25 10:46:02,740262.0,740648.0,2020-03-25 10:46:02
2020-03-25 10:46:03,740262.0,740648.0,2020-03-25 10:46:03
2020-03-25 10:46:04,740262.0,740648.0,2020-03-25 10:46:04
2020-03-25 10:46:05,740291.0,740698.0,2020-03-25 10:46:05
2020-03-25 10:46:07,740291.0,740698.0,2020-03-25 10:46:06
2020-03-25 10:46:08,740291.0,740698.0,2020-03-25 10:46:08
2020-03-25 10:46:09,740291.0,740698.0,2020-03-25 10:46:09
2020-03-25 10:46:10,740291.0,740698.0,2020-03-25 10:46:10
2020-03-25 10:46:11,740291.0,740698.0,2020-03-25 10:46:11
2020-03-25 10:46:12,740291.0,740698.0,2020-03-25 10:46:12
2020-03-25 10:46:13,740291.0,740698.0,2020-03-25 10:46:13
2020-03-25 10:46:14,740291.0,740698.0,2020-03-25 10:46:14
2020-03-25 10:46:15,740291.0,740698.0,2020-03-25 10:46:15
2020-03-25 10:46:16,740000.0,740267.0,2020-03-25 10:46:16
2020-03-25 10:46:17,740000.0,740267.0,2020-03-25 10:46:17
2020-03-25 10:46:18,740000.0,740267.0,2020-03-25 10:46:18
2020-03-25 10:46:20,740000.0,740267.0,2020-03-25 10:46:20
2020-03-25 10:46:21,740000.0,740267.0,2020-03-25 10:46:21
2020-03-25 10:46:22,740000.0,740267.0,2020-03-25 10:46:22
2020-03-25 10:46:23,740000.0,740267.0,2020-03-25 10:46:23
2020-03-25 10:46:24,740000.0,740267.0,2020-03-25 10:46:24
2020-03-25 10:46:25,740000.0,740267.0,2020-03-25 10:46:25
2020-03-25 10:46:26,740000.0,740267.0,2020-03-25 10:46:26
2020-03-25 10:46:27,740000.0,740267.0,2020-03-25 10:46:27
2020-03-25 10:46:28,740000.0,740267.0,2020-03-25 10:46:28
2020-03-25 10:46:29,740000.0,740267.0,2020-03-25 10:46:29
2020-03-25 10:46:30,740000.0,740267.0,2020-03-25 10:46:30
2020-03-25 10:46:31,740081.0,740682.0,2020-03-25 10:46:31
2020-03-25 10:46:32,740081.0,740682.0,2020-03-25 10:46:32
2020-03-25 10:46:33,740081.0,740682.0,2020-03-25 10:46:33
2020-03-25 10:46:34,740081.0,740682.0,2020-03-25 10:46:34
2020-03-25 10:46:36,740081.0,740682.0,2020-03-25 10:46:35
2020-03-25 10:46:37,740103.0,740644.0,2020-03-25 10:46:37
2020-03-25 10:46:38,740103.0,740644.0,2020-03-25 10:46:38
2020-03-25 10:46:39,740103.0,740644.0,2020-03-25 10:46:39
2020-03-25 10:46:40,740103.0,740644.0,2020-03-25 10:46:40
2020-03-25 10:46:41,740103.0,740644.0,2020-03-25 10:46:41
2020-03-25 10:46:42,740103.0,740644.0,2020-03-25 10:46:42
2020-03-25 10:46:43,740103.0,740644.0,2020-03-25 10:46:43
2020-03-25 10:46:44,740103.0,740644.0,2020-03-25 10:46:44
2020-03-25 10:46:45,740103.0,740644.0,2020-03-25 10:46:45
2020-03-25 10:46:46,741472.0,741473.0,2020-03-25 10:46:46
2020-03-25 10:46:47,741472.0,741473.0,2020-03-25 10:46:47
2020-03-25 10:46:48,741472.0,741473.0,2020-03-25 10:46:48
2020-03-25 10:46:49,741472.0,741473.0,2020-03-25 10:46:49
2020-03-25 10:46:50,741472.0,741473.0,2020-03-25 10:46:50
2020-03-25 10:46:51,741472.0,741473.0,2020-03-25 10:46:51
2020-03-25 10:46:52,741472.0,741473.0,2020-03-25 10:46:52
2020-03-25 10:46:53,741472.0,741473.0,2020-03-25 10:46:53
2020-03-25 10:46:55,741472.0,741473.0,2020-03-25 10:46:54
2020-03-25 10:46:56,741472.0,741473.0,2020-03-25 10:46:56
2020-03-25 10:46:57,740987.0,741464.0,2020-03-25 10:46:57
2020-03-25 10:46:58,740987.0,741464.0,2020-03-25 10:46:58
2020-03-25 10:46:59,740987.0,741464.0,2020-03-25 10:46:59
2020-03-25 10:47:00,740987.0,741464.0,2020-03-25 10:47:00
2020-03-25 10:47:01,740987.0,741464.0,2020-03-25 10:47:01
2020-03-25 10:47:02,740987.0,741464.0,2020-03-25 10:47:02
2020-03-25 10:47:03,740987.0,741464.0,2020-03-25 10:47:03
2020-03-25 10:47:04,740987.0,741464.0,2020-03-25 10:47:04
2020-03-25 10:47:05,741030.0,741440.0,2020-03-25 10:47:05
2020-03-25 10:47:06,741030.0,741440.0,2020-03-25 10:47:06
2020-03-25 10:47:07,741030.0,741440.0,2020-03-25 10:47:07
2020-03-25 10:47:08,741030.0,741440.0,2020-03-25 10:47:08
2020-03-25 10:47:09,741030.0,741440.0,2020-03-25 10:47:09
2020-03-25 10:47:10,741030.0,741440.0,2020-03-25 10:47:10
2020-03-25 10:47:12,741030.0,741440.0,2020-03-25 10:47:11
2020-03-25 10:47:13,741030.0,741440.0,2020-03-25 10:47:13
2020-03-25 10:47:14,741030.0,741440.0,2020-03-25 10:47:14
2020-03-25 10:47:15,741485.0,741572.0,2020-03-25 10:47:15
2020-03-25 10:47:16,741485.0,741572.0,2020-03-25 10:47:16
2020-03-25 10:47:17,741485.0,741572.0,2020-03-25 10:47:17
2020-03-25 10:47:18,741485.0,741572.0,2020-03-25 10:47:18
2020-03-25 10:47:19,741485.0,741572.0,2020-03-25 10:47:19
2020-03-25 10:47:21,741485.0,741572.0,2020-03-25 10:47:20
2020-03-25 10:47:22,741485.0,741572.0,2020-03-25 10:47:22
2020-03-25 10:47:23,741485.0,741572.0,2020-03-25 10:47:23
2020-03-25 10:47:24,741485.0,741572.0,2020-03-25 10:47:24
2020-03-25 10:47:25,741268.0,741869.0,2020-03-25 10:47:25
2020-03-25 10:47:26,741268.0,741869.0,2020-03-25 10:47:26
2020-03-25 10:47:27,741268.0,741869.0,2020-03-25 10:47:27
2020-03-25 10:47:28,741268.0,741869.0,2020-03-25 10:47:28
2020-03-25 10:47:29,741268.0,741869.0,2020-03-25 10:47:29
2020-03-25 10:47:30,741268.0,741869.0,2020-03-25 10:47:30
2020-03-25 10:47:31,741268.0,741869.0,2020-03-25 10:47:31
2020-03-25 10:47:32,741268.0,741869.0,2020-03-25 10:47:32
2020-03-25 10:47:33,741268.0,741869.0,2020-03-25 10:47:33
2020-03-25 10:47:34,741268.0,741869.0,2020-03-25 10:47:34
2020-03-25 10:47:35,741268.0,741869.0,2020-03-25 10:47:35
2020-03-25 10:47:36,741268.0,741869.0,2020-03-25 10:47:36
2020-03-25 10:47:37,741447.0,741879.0,2020-03-25 10:47:37
2020-03-25 10:47:38,741447.0,741879.0,2020-03-25 10:47:38
2020-03-25 10:47:40,741447.0,741879.0,2020-03-25 10:47:39
2020-03-25 10:47:41,741447.0,741879.0,2020-03-25 10:47:41
2020-03-25 10:47:42,741447.0,741879.0,2020-03-25 10:47:42
2020-03-25 10:47:43,741447.0,741879.0,2020-03-25 10:47:43
2020-03-25 10:47:44,741447.0,741879.0,2020-03-25 10:47:44
2020-03-25 10:47:45,742293.0,742294.0,2020-03-25 10:47:45
2020-03-25 10:47:46,742293.0,742294.0,2020-03-25 10:47:46
2020-03-25 10:47:47,742293.0,742294.0,2020-03-25 10:47:47
2020-03-25 10:47:48,742293.0,742294.0,2020-03-25 10:47:48
2020-03-25 10:47:49,742293.0,742294.0,2020-03-25 10:47:49
2020-03-25 10:47:50,742293.0,742294.0,2020-03-25 10:47:50
2020-03-25 10:47:51,742293.0,742294.0,2020-03-25 10:47:51
2020-03-25 10:47:53,742293.0,742294.0,2020-03-25 10:47:52
2020-03-25 10:47:54,742293.0,742294.0,2020-03-25 10:47:54
2020-03-25 10:47:55,742293.0,742294.0,2020-03-25 10:47:55
2020-03-25 10:47:56,742329.0,742784.0,2020-03-25 10:47:56
2020-03-25 10:47:57,742329.0,742784.0,2020-03-25 10:47:57
2020-03-25 10:47:58,742329.0,742784.0,2020-03-25 10:47:58
2020-03-25 10:47:59,742329.0,742784.0,2020-03-25 10:47:59
2020-03-25 10:48:00,742329.0,742784.0,2020-03-25 10:48:00
2020-03-25 10:48:01,742329.0,742784.0,2020-03-25 10:48:01
2020-03-25 10:48:02,742329.0,742784.0,2020-03-25 10:48:02
2020-03-25 10:48:03,742329.0,742784.0,2020-03-25 10:48:03
2020-03-25 10:48:04,742329.0,742784.0,2020-03-25 10:48:04
2020-03-25 10:48:05,742294.0,742812.0,2020-03-25 10:48:05
2020-03-25 10:48:06,742294.0,742812.0,2020-03-25 10:48:06
2020-03-25 10:48:07,742294.0,742812.0,2020-03-25 10:48:07
2020-03-25 10:48:08,742294.0,742812.0,2020-03-25 10:48:08
2020-03-25 10:48:09,742294.0,742812.0,2020-03-25 10:48:09
2020-03-25 10:48:10,742294.0,742812.0,2020-03-25 10:48:10
2020-03-25 10:48:12,742294.0,742812.0,2020-03-25 10:48:11
2020-03-25 10:48:13,742294.0,742812.0,2020-03-25 10:48:13
2020-03-25 10:48:14,742294.0,742812.0,2020-03-25 10:48:14
2020-03-25 10:48:15,742294.0,742812.0,2020-03-25 10:48:15
2020-03-25 10:48:16,741634.0,742185.0,2020-03-25 10:48:16
2020-03-25 10:48:17,741634.0,742185.0,2020-03-25 10:48:17
2020-03-25 10:48:18,741634.0,742185.0,2020-03-25 10:48:18
2020-03-25 10:48:19,741634.0,742185.0,2020-03-25 10:48:19
2020-03-25 10:48:20,741634.0,742185.0,2020-03-25 10:48:20
2020-03-25 10:48:21,741634.0,742185.0,2020-03-25 10:48:21
2020-03-25 10:48:22,741634.0,742185.0,2020-03-25 10:48:22
2020-03-25 10:48:23,741634.0,742185.0,2020-03-25 10:48:23
2020-03-25 10:48:24,741634.0,742185.0,2020-03-25 10:48:24
2020-03-25 10:48:25,741634.0,742185.0,2020-03-25 10:48:25
2020-03-25 10:48:26,742243.0,742684.0,2020-03-25 10:48:26
2020-03-25 10:48:27,742243.0,742684.0,2020-03-25 10:48:27
2020-03-25 10:48:28,742243.0,742684.0,2020-03-25 10:48:28
2020-03-25 10:48:30,742243.0,742684.0,2020-03-25 10:48:29
2020-03-25 10:48:31,742243.0,742684.0,2020-03-25 10:48:31
2020-03-25 10:48:32,742243.0,742684.0,2020-03-25 10:48:32
2020-03-25 10:48:33,742243.0,742684.0,2020-03-25 10:48:33
2020-03-25 10:48:34,742243.0,742684.0,2020-03-25 10:48:34
2020-03-25 10:48:35,742172.0,742624.0,2020-03-25 10:48:35
2020-03-25 10:48:36,742172.0,742624.0,2020-03-25 10:48:36
2020-03-25 10:48:37,742172.0,742624.0,2020-03-25 10:48:37
2020-03-25 10:48:38,742172.0,742624.0,2020-03-25 10:48:38
2020-03-25 10:48:39,742172.0,742624.0,2020-03-25 10:48:39
2020-03-25 10:48:40,742172.0,742624.0,2020-03-25 10:48:40
2020-03-25 10:48:41,742172.0,742624.0,2020-03-25 10:48:41
2020-03-25 10:48:42,742172.0,742624.0,2020-03-25 10:48:42
2020-03-25 10:48:43,742172.0,742624.0,2020-03-25 10:48:43
2020-03-25 10:48:44,742172.0,742624.0,2020-03-25 10:48:44
2020-03-25 10:48:45,742172.0,742624.0,2020-03-25 10:48:45
2020-03-25 10:48:47,742181.0,742736.0,2020-03-25 10:48:46
2020-03-25 10:48:48,742181.0,742736.0,2020-03-25 10:48:48
2020-03-25 10:48:49,742181.0,742736.0,2020-03-25 10:48:49
2020-03-25 10:48:50,742181.0,742736.0,2020-03-25 10:48:50
2020-03-25 10:48:51,742181.0,742736.0,2020-03-25 10:48:51
2020-03-25 10:48:52,742181.0,742736.0,2020-03-25 10:48:52
2020-03-25 10:48:53,742181.0,742736.0,2020-03-25 10:48:53
2020-03-25 10:48:54,742181.0,742736.0,2020-03-25 10:48:54
2020-03-25 10:48:55,742181.0,742736.0,2020-03-25 10:48:55
2020-03-25 10:48:56,742334.0,742802.0,2020-03-25 10:48:56
2020-03-25 10:48:57,742334.0,742802.0,2020-03-25 10:48:57
2020-03-25 10:48:58,742334.0,742802.0,2020-03-25 10:48:58
2020-03-25 10:48:59,742334.0,742802.0,2020-03-25 10:48:59
2020-03-25 10:49:00,742334.0,742802.0,2020-03-25 10:49:00
2020-03-25 10:49:01,742334.0,742802.0,2020-03-25 10:49:01
2020-03-25 10:49:02,742334.0,742802.0,2020-03-25 10:49:02
2020-03-25 10:49:03,742334.0,742802.0,2020-03-25 10:49:03
2020-03-25 10:49:04,742334.0,742802.0,2020-03-25 10:49:04
2020-03-25 10:49:06,742279.0,742741.0,2020-03-25 10:49:05
2020-03-25 10:49:07,742279.0,742741.0,2020-03-25 10:49:07
2020-03-25 10:49:08,742279.0,742741.0,2020-03-25 10:49:08
2020-03-25 10:49:09,742279.0,742741.0,2020-03-25 10:49:09
2020-03-25 10:49:10,742279.0,742741.0,2020-03-25 10:49:10
2020-03-25 10:49:11,742279.0,742741.0,2020-03-25 10:49:11
2020-03-25 10:49:12,742279.0,742741.0,2020-03-25 10:49:12
2020-03-25 10:49:13,742279.0,742741.0,2020-03-25 10:49:13
2020-03-25 10:49:14,742279.0,742741.0,2020-03-25 10:49:14
2020-03-25 10:49:15,742279.0,742741.0,2020-03-25 10:49:15
2020-03-25 10:49:16,741632.0,742305.0,2020-03-25 10:49:16
2020-03-25 10:49:17,741632.0,742305.0,2020-03-25 10:49:17
2020-03-25 10:49:18,741632.0,742305.0,2020-03-25 10:49:18
2020-03-25 10:49:19,741632.0,742305.0,2020-03-25 10:49:19
2020-03-25 10:49:20,741632.0,742305.0,2020-03-25 10:49:20
2020-03-25 10:49:21,741632.0,742305.0,2020-03-25 10:49:21
2020-03-25 10:49:22,741632.0,742305.0,2020-03-25 10:49:22
2020-03-25 10:49:23,741632.0,742305.0,2020-03-25 10:49:23
2020-03-25 10:49:25,741632.0,742305.0,2020-03-25 10:49:24
2020-03-25 10:49:26,741801.0,741981.0,2020-03-25 10:49:26
2020-03-25 10:49:27,741801.0,741981.0,2020-03-25 10:49:27
2020-03-25 10:49:28,741801.0,741981.0,2020-03-25 10:49:28
2020-03-25 10:49:29,741801.0,741981.0,2020-03-25 10:49:29
2020-03-25 10:49:30,741801.0,741981.0,2020-03-25 10:49:30
2020-03-25 10:49:31,741801.0,741981.0,2020-03-25 10:49:31
2020-03-25 10:49:32,741801.0,741981.0,2020-03-25 10:49:32
2020-03-25 10:49:33,741801.0,741981.0,2020-03-25 10:49:33
2020-03-25 10:49:34,741801.0,741981.0,2020-03-25 10:49:34
2020-03-25 10:49:35,741801.0,741981.0,2020-03-25 10:49:35
2020-03-25 10:49:36,741801.0,741981.0,2020-03-25 10:49:36
2020-03-25 10:49:37,742378.0,742736.0,2020-03-25 10:49:37
2020-03-25 10:49:38,742378.0,742736.0,2020-03-25 10:49:38
2020-03-25 10:49:39,742378.0,742736.0,2020-03-25 10:49:39
2020-03-25 10:49:40,742378.0,742736.0,2020-03-25 10:49:40
2020-03-25 10:49:41,742378.0,742736.0,2020-03-25 10:49:41
2020-03-25 10:49:42,742378.0,742736.0,2020-03-25 10:49:42
2020-03-25 10:49:43,742378.0,742736.0,2020-03-25 10:49:43
2020-03-25 10:49:44,742378.0,742736.0,2020-03-25 10:49:44
2020-03-25 10:49:46,742269.0,742676.0,2020-03-25 10:49:45
2020-03-25 10:49:47,742269.0,742676.0,2020-03-25 10:49:47
2020-03-25 10:49:48,742269.0,742676.0,2020-03-25 10:49:48
2020-03-25 10:49:49,742269.0,742676.0,2020-03-25 10:49:49
2020-03-25 10:49:50,742269.0,742676.0,2020-03-25 10:49:50
2020-03-25 10:49:51,742269.0,742676.0,2020-03-25 10:49:51
2020-03-25 10:49:52,742269.0,742676.0,2020-03-25 10:49:52
2020-03-25 10:49:53,742269.0,742676.0,2020-03-25 10:49:53
2020-03-25 10:49:54,742269.0,742676.0,2020-03-25 10:49:54
2020-03-25 10:49:55,742269.0,742676.0,2020-03-25 10:49:55
2020-03-25 10:49:56,743000.0,743201.0,2020-03-25 10:49:56
2020-03-25 10:49:57,743000.0,743201.0,2020-03-25 10:49:57
2020-03-25 10:49:58,743000.0,743201.0,2020-03-25 10:49:58
2020-03-25 10:49:59,743000.0,743201.0,2020-03-25 10:49:59
2020-03-25 10:50:00,743000.0,743201.0,2020-03-25 10:50:00
2020-03-25 10:50:01,743000.0,743201.0,2020-03-25 10:50:01
2020-03-25 10:50:02,743000.0,743201.0,2020-03-25 10:50:02
2020-03-25 10:50:03,743000.0,743201.0,2020-03-25 10:50:03
2020-03-25 10:50:05,743000.0,743201.0,2020-03-25 10:50:04
2020-03-25 10:50:06,743000.0,743201.0,2020-03-25 10:50:06
2020-03-25 10:50:07,742633.0,743164.0,2020-03-25 10:50:07
2020-03-25 10:50:08,742633.0,743164.0,2020-03-25 10:50:08
2020-03-25 10:50:09,742633.0,743164.0,2020-03-25 10:50:09
2020-03-25 10:50:10,742633.0,743164.0,2020-03-25 10:50:10
2020-03-25 10:50:11,742633.0,743164.0,2020-03-25 10:50:11
2020-03-25 10:50:12,742633.0,743164.0,2020-03-25 10:50:12
2020-03-25 10:50:13,742633.0,743164.0,2020-03-25 10:50:13
2020-03-25 10:50:14,742633.0,743164.0,2020-03-25 10:50:14
2020-03-25 10:50:16,742633.0,743164.0,2020-03-25 10:50:15
2020-03-25 10:50:17,742633.0,743164.0,2020-03-25 10:50:17
2020-03-25 10:50:18,742633.0,743164.0,2020-03-25 10:50:18
2020-03-25 10:50:19,742626.0,742721.0,2020-03-25 10:50:19
2020-03-25 10:50:20,742626.0,742721.0,2020-03-25 10:50:20
2020-03-25 10:50:21,742626.0,742721.0,2020-03-25 10:50:21
2020-03-25 10:50:22,742626.0,742721.0,2020-03-25 10:50:22
2020-03-25 10:50:23,742626.0,742721.0,2020-03-25 10:50:23
2020-03-25 10:50:24,742626.0,742721.0,2020-03-25 10:50:24
2020-03-25 10:50:25,742626.0,742721.0,2020-03-25 10:50:25
2020-03-25 10:50:26,742626.0,742721.0,2020-03-25 10:50:26
2020-03-25 10:50:27,742626.0,742721.0,2020-03-25 10:50:27
2020-03-25 10:50:28,742626.0,742721.0,2020-03-25 10:50:28
2020-03-25 10:50:29,742626.0,742721.0,2020-03-25 10:50:29
2020-03-25 10:50:30,742626.0,742721.0,2020-03-25 10:50:30
2020-03-25 10:50:31,742626.0,742721.0,2020-03-25 10:50:31
2020-03-25 10:50:32,741968.0,742444.0,2020-03-25 10:50:32
2020-03-25 10:50:33,741968.0,742444.0,2020-03-25 10:50:33
2020-03-25 10:50:34,741968.0,742444.0,2020-03-25 10:50:34
2020-03-25 10:50:36,741968.0,742444.0,2020-03-25 10:50:35
2020-03-25 10:50:37,741968.0,742444.0,2020-03-25 10:50:37
2020-03-25 10:50:38,741968.0,742444.0,2020-03-25 10:50:38
2020-03-25 10:50:39,741895.0,742382.0,2020-03-25 10:50:39
2020-03-25 10:50:40,741895.0,742382.0,2020-03-25 10:50:40
2020-03-25 10:50:41,741895.0,742382.0,2020-03-25 10:50:41
2020-03-25 10:50:42,741895.0,742382.0,2020-03-25 10:50:42
2020-03-25 10:50:43,741895.0,742382.0,2020-03-25 10:50:43
2020-03-25 10:50:44,741895.0,742382.0,2020-03-25 10:50:44
2020-03-25 10:50:45,741895.0,742382.0,2020-03-25 10:50:45
2020-03-25 10:50:46,741895.0,742382.0,2020-03-25 10:50:46
2020-03-25 10:50:47,741963.0,742551.0,2020-03-25 10:50:47
2020-03-25 10:50:48,741963.0,742551.0,2020-03-25 10:50:48
2020-03-25 10:50:49,741963.0,742551.0,2020-03-25 10:50:49
2020-03-25 10:50:50,741963.0,742551.0,2020-03-25 10:50:50
2020-03-25 10:50:51,741963.0,742551.0,2020-03-25 10:50:51
2020-03-25 10:50:52,741963.0,742551.0,2020-03-25 10:50:52
2020-03-25 10:50:53,741963.0,742551.0,2020-03-25 10:50:53
2020-03-25 10:50:54,741963.0,742551.0,2020-03-25 10:50:54
2020-03-25 10:50:55,741963.0,742551.0,2020-03-25 10:50:55
2020-03-25 10:50:56,741963.0,742551.0,2020-03-25 10:50:56
2020-03-25 10:50:57,741963.0,742551.0,2020-03-25 10:50:57
2020-03-25 10:50:59,742024.0,742482.0,2020-03-25 10:50:58
2020-03-25 10:51:00,742024.0,742482.0,2020-03-25 10:51:00
2020-03-25 10:51:01,742024.0,742482.0,2020-03-25 10:51:01
2020-03-25 10:51:02,742024.0,742482.0,2020-03-25 10:51:02
2020-03-25 10:51:03,742024.0,742482.0,2020-03-25 10:51:03
2020-03-25 10:51:04,742024.0,742482.0,2020-03-25 10:51:04
2020-03-25 10:51:05,742024.0,742482.0,2020-03-25 10:51:05
2020-03-25 10:51:06,742024.0,742482.0,2020-03-25 10:51:06
2020-03-25 10:51:07,741791.0,742415.0,2020-03-25 10:51:07
2020-03-25 10:51:08,741791.0,742415.0,2020-03-25 10:51:08
2020-03-25 10:51:09,741791.0,742415.0,2020-03-25 10:51:09
2020-03-25 10:51:10,741791.0,742415.0,2020-03-25 10:51:10
2020-03-25 10:51:11,741791.0,742415.0,2020-03-25 10:51:11
2020-03-25 10:51:12,741791.0,742415.0,2020-03-25 10:51:12
2020-03-25 10:51:13,741791.0,742415.0,2020-03-25 10:51:13
2020-03-25 10:51:14,741791.0,742415.0,2020-03-25 10:51:14
2020-03-25 10:51:16,741791.0,742415.0,2020-03-25 10:51:16
2020-03-25 10:51:17,741791.0,742415.0,2020-03-25 10:51:17
2020-03-25 10:51:18,742825.0,742919.0,2020-03-25 10:51:18
2020-03-25 10:51:19,742825.0,742919.0,2020-03-25 10:51:19
2020-03-25 10:51:20,742825.0,742919.0,2020-03-25 10:51:20
2020-03-25 10:51:21,742825.0,742919.0,2020-03-25 10:51:21
2020-03-25 10:51:22,742825.0,742919.0,2020-03-25 10:51:22
2020-03-25 10:51:23,742825.0,742919.0,2020-03-25 10:51:23
2020-03-25 10:51:24,742825.0,742919.0,2020-03-25 10:51:24
2020-03-25 10:51:25,742825.0,742919.0,2020-03-25 10:51:25
2020-03-25 10:51:26,742825.0,742919.0,2020-03-25 10:51:26
2020-03-25 10:51:27,742825.0,742919.0,2020-03-25 10:51:27
2020-03-25 10:51:28,742825.0,742919.0,2020-03-25 10:51:28
2020-03-25 10:51:29,742057.0,742804.0,2020-03-25 10:51:29
2020-03-25 10:51:30,742057.0,742804.0,2020-03-25 10:51:30
2020-03-25 10:51:32,742057.0,742804.0,2020-03-25 10:51:31
2020-03-25 10:51:33,742057.0,742804.0,2020-03-25 10:51:33
2020-03-25 10:51:34,742057.0,742804.0,2020-03-25 10:51:34
2020-03-25 10:51:35,742057.0,742804.0,2020-03-25 10:51:35
2020-03-25 10:51:36,742057.0,742804.0,2020-03-25 10:51:36
2020-03-25 10:51:37,742031.0,742691.0,2020-03-25 10:51:37
2020-03-25 10:51:38,742031.0,742691.0,2020-03-25 10:51:38
2020-03-25 10:51:39,742031.0,742691.0,2020-03-25 10:51:39
2020-03-25 10:51:40,742031.0,742691.0,2020-03-25 10:51:40
2020-03-25 10:51:41,742031.0,742691.0,2020-03-25 10:51:41
2020-03-25 10:51:42,742031.0,742691.0,2020-03-25 10:51:42
2020-03-25 10:51:43,742031.0,742691.0,2020-03-25 10:51:43
2020-03-25 10:51:44,742031.0,742691.0,2020-03-25 10:51:44
2020-03-25 10:51:45,742031.0,742691.0,2020-03-25 10:51:45
2020-03-25 10:51:46,742031.0,742691.0,2020-03-25 10:51:46
2020-03-25 10:51:47,742046.0,742630.0,2020-03-25 10:51:47
2020-03-25 10:51:49,742046.0,742630.0,2020-03-25 10:51:48
2020-03-25 10:51:50,742046.0,742630.0,2020-03-25 10:51:50
2020-03-25 10:51:51,742046.0,742630.0,2020-03-25 10:51:51
2020-03-25 10:51:52,742046.0,742630.0,2020-03-25 10:51:52
2020-03-25 10:51:53,742046.0,742630.0,2020-03-25 10:51:53
2020-03-25 10:51:54,742046.0,742630.0,2020-03-25 10:51:54
2020-03-25 10:51:55,742046.0,742630.0,2020-03-25 10:51:55
2020-03-25 10:51:56,742046.0,742630.0,2020-03-25 10:51:56
2020-03-25 10:51:57,742046.0,742630.0,2020-03-25 10:51:57
2020-03-25 10:51:58,742749.0,743203.0,2020-03-25 10:51:58
2020-03-25 10:51:59,742749.0,743203.0,2020-03-25 10:51:59
2020-03-25 10:52:00,742749.0,743203.0,2020-03-25 10:52:00
2020-03-25 10:52:01,742749.0,743203.0,2020-03-25 10:52:01
2020-03-25 10:52:02,742749.0,743203.0,2020-03-25 10:52:02
2020-03-25 10:52:03,742749.0,743203.0,2020-03-25 10:52:03
2020-03-25 10:52:04,742749.0,743203.0,2020-03-25 10:52:04
2020-03-25 10:52:05,742749.0,743203.0,2020-03-25 10:52:05
2020-03-25 10:52:07,743000.0,743130.0,2020-03-25 10:52:06
2020-03-25 10:52:08,743000.0,743130.0,2020-03-25 10:52:08
2020-03-25 10:52:09,743000.0,743130.0,2020-03-25 10:52:09
2020-03-25 10:52:10,743000.0,743130.0,2020-03-25 10:52:10
2020-03-25 10:52:11,743000.0,743130.0,2020-03-25 10:52:11
2020-03-25 10:52:12,743000.0,743130.0,2020-03-25 10:52:12
2020-03-25 10:52:13,743000.0,743130.0,2020-03-25 10:52:13
2020-03-25 10:52:14,743000.0,743130.0,2020-03-25 10:52:14
2020-03-25 10:52:15,743000.0,743130.0,2020-03-25 10:52:15
2020-03-25 10:52:16,743000.0,743130.0,2020-03-25 10:52:16
2020-03-25 10:52:17,743000.0,743096.0,2020-03-25 10:52:17
2020-03-25 10:52:18,743000.0,743096.0,2020-03-25 10:52:18
2020-03-25 10:52:19,743000.0,743096.0,2020-03-25 10:52:19
2020-03-25 10:52:21,743000.0,743096.0,2020-03-25 10:52:21
2020-03-25 10:52:22,743000.0,743096.0,2020-03-25 10:52:22
2020-03-25 10:52:23,743000.0,743096.0,2020-03-25 10:52:23
2020-03-25 10:52:24,743000.0,743096.0,2020-03-25 10:52:24
2020-03-25 10:52:25,743000.0,743096.0,2020-03-25 10:52:25
2020-03-25 10:52:26,743000.0,743096.0,2020-03-25 10:52:26
2020-03-25 10:52:27,741887.0,742472.0,2020-03-25 10:52:27
2020-03-25 10:52:28,741887.0,742472.0,2020-03-25 10:52:28
2020-03-25 10:52:29,741887.0,742472.0,2020-03-25 10:52:29
2020-03-25 10:52:31,741887.0,742472.0,2020-03-25 10:52:30
2020-03-25 10:52:32,741887.0,742472.0,2020-03-25 10:52:32
2020-03-25 10:52:33,741887.0,742472.0,2020-03-25 10:52:33
2020-03-25 10:52:34,741887.0,742472.0,2020-03-25 10:52:34
2020-03-25 10:52:35,741887.0,742472.0,2020-03-25 10:52:35
2020-03-25 10:52:36,741887.0,742472.0,2020-03-25 10:52:36
2020-03-25 10:52:37,741932.0,742421.0,2020-03-25 10:52:37
2020-03-25 10:52:38,741932.0,742421.0,2020-03-25 10:52:38
2020-03-25 10:52:39,741932.0,742421.0,2020-03-25 10:52:39
2020-03-25 10:52:40,741932.0,742421.0,2020-03-25 10:52:40
2020-03-25 10:52:41,741932.0,742421.0,2020-03-25 10:52:41
2020-03-25 10:52:42,741932.0,742421.0,2020-03-25 10:52:42
2020-03-25 10:52:43,741932.0,742421.0,2020-03-25 10:52:43
2020-03-25 10:52:44,741932.0,742421.0,2020-03-25 10:52:44
2020-03-25 10:52:45,741932.0,742421.0,2020-03-25 10:52:45
2020-03-25 10:52:46,741932.0,742421.0,2020-03-25 10:52:46
2020-03-25 10:52:47,741638.0,741919.0,2020-03-25 10:52:47
2020-03-25 10:52:48,741638.0,741919.0,2020-03-25 10:52:48
2020-03-25 10:52:50,741638.0,741919.0,2020-03-25 10:52:49
2020-03-25 10:52:51,741638.0,741919.0,2020-03-25 10:52:51
2020-03-25 10:52:52,741638.0,741919.0,2020-03-25 10:52:52
2020-03-25 10:52:53,741638.0,741919.0,2020-03-25 10:52:53
2020-03-25 10:52:54,741638.0,741919.0,2020-03-25 10:52:54
2020-03-25 10:52:55,741638.0,741919.0,2020-03-25 10:52:55
2020-03-25 10:52:56,741638.0,741919.0,2020-03-25 10:52:56
2020-03-25 10:52:57,741638.0,741919.0,2020-03-25 10:52:57
2020-03-25 10:52:58,741524.0,741906.0,2020-03-25 10:52:58
2020-03-25 10:53:00,741524.0,741906.0,2020-03-25 10:52:59
2020-03-25 10:53:01,741524.0,741906.0,2020-03-25 10:53:01
2020-03-25 10:53:02,741524.0,741906.0,2020-03-25 10:53:02
2020-03-25 10:53:03,741524.0,741906.0,2020-03-25 10:53:03
2020-03-25 10:53:04,741524.0,741906.0,2020-03-25 10:53:04
2020-03-25 10:53:05,741448.0,741930.0,2020-03-25 10:53:05
2020-03-25 10:53:06,741448.0,741930.0,2020-03-25 10:53:06
2020-03-25 10:53:07,741448.0,741930.0,2020-03-25 10:53:07
2020-03-25 10:53:08,741448.0,741930.0,2020-03-25 10:53:08
2020-03-25 10:53:09,741448.0,741930.0,2020-03-25 10:53:09
2020-03-25 10:53:10,741448.0,741930.0,2020-03-25 10:53:10
2020-03-25 10:53:11,741448.0,741930.0,2020-03-25 10:53:11
2020-03-25 10:53:12,741448.0,741930.0,2020-03-25 10:53:12
2020-03-25 10:53:13,741448.0,741930.0,2020-03-25 10:53:13
2020-03-25 10:53:14,741448.0,741930.0,2020-03-25 10:53:14
2020-03-25 10:53:15,741427.0,742124.0,2020-03-25 10:53:15
2020-03-25 10:53:16,741427.0,742124.0,2020-03-25 10:53:16
2020-03-25 10:53:17,741427.0,742124.0,2020-03-25 10:53:17
2020-03-25 10:53:19,741427.0,742124.0,2020-03-25 10:53:18
2020-03-25 10:53:20,741427.0,742124.0,2020-03-25 10:53:20
2020-03-25 10:53:21,741427.0,742124.0,2020-03-25 10:53:21
2020-03-25 10:53:22,741427.0,742124.0,2020-03-25 10:53:22
2020-03-25 10:53:23,741427.0,742124.0,2020-03-25 10:53:23
2020-03-25 10:53:24,741427.0,742124.0,2020-03-25 10:53:24
2020-03-25 10:53:25,741427.0,742124.0,2020-03-25 10:53:25
2020-03-25 10:53:26,741109.0,741212.0,2020-03-25 10:53:26
2020-03-25 10:53:27,741109.0,741212.0,2020-03-25 10:53:27
2020-03-25 10:53:28,741109.0,741212.0,2020-03-25 10:53:28
2020-03-25 10:53:29,741109.0,741212.0,2020-03-25 10:53:29
2020-03-25 10:53:30,741109.0,741212.0,2020-03-25 10:53:30
2020-03-25 10:53:31,741109.0,741212.0,2020-03-25 10:53:31
2020-03-25 10:53:32,741109.0,741212.0,2020-03-25 10:53:32
2020-03-25 10:53:33,741109.0,741212.0,2020-03-25 10:53:33
2020-03-25 10:53:34,741109.0,741212.0,2020-03-25 10:53:34
2020-03-25 10:53:35,740876.0,741196.0,2020-03-25 10:53:35
2020-03-25 10:53:37,740876.0,741196.0,2020-03-25 10:53:36
2020-03-25 10:53:38,740876.0,741196.0,2020-03-25 10:53:38
2020-03-25 10:53:39,740876.0,741196.0,2020-03-25 10:53:39
2020-03-25 10:53:40,740876.0,741196.0,2020-03-25 10:53:40
2020-03-25 10:53:41,740876.0,741196.0,2020-03-25 10:53:41
2020-03-25 10:53:42,740876.0,741196.0,2020-03-25 10:53:42
2020-03-25 10:53:43,740876.0,741196.0,2020-03-25 10:53:43
2020-03-25 10:53:44,740876.0,741196.0,2020-03-25 10:53:44
2020-03-25 10:53:45,740945.0,741196.0,2020-03-25 10:53:45
2020-03-25 10:53:46,740945.0,741196.0,2020-03-25 10:53:46
2020-03-25 10:53:47,740945.0,741196.0,2020-03-25 10:53:47
2020-03-25 10:53:48,740945.0,741196.0,2020-03-25 10:53:48
2020-03-25 10:53:49,740945.0,741196.0,2020-03-25 10:53:49
2020-03-25 10:53:50,740945.0,741196.0,2020-03-25 10:53:50
2020-03-25 10:53:51,740945.0,741196.0,2020-03-25 10:53:51
2020-03-25 10:53:52,740945.0,741196.0,2020-03-25 10:53:52
2020-03-25 10:53:53,740945.0,741196.0,2020-03-25 10:53:53
2020-03-25 10:53:54,740945.0,741196.0,2020-03-25 10:53:54
2020-03-25 10:53:55,741023.0,741775.0,2020-03-25 10:53:55
2020-03-25 10:53:57,741023.0,741775.0,2020-03-25 10:53:56
2020-03-25 10:53:58,741023.0,741775.0,2020-03-25 10:53:58
2020-03-25 10:53:59,741023.0,741775.0,2020-03-25 10:53:59
2020-03-25 10:54:00,741023.0,741775.0,2020-03-25 10:54:00
2020-03-25 10:54:01,741023.0,741775.0,2020-03-25 10:54:01
2020-03-25 10:54:02,741023.0,741775.0,2020-03-25 10:54:02
2020-03-25 10:54:03,741023.0,741775.0,2020-03-25 10:54:03
2020-03-25 10:54:04,741023.0,741775.0,2020-03-25 10:54:04
2020-03-25 10:54:05,741000.0,741072.0,2020-03-25 10:54:05
2020-03-25 10:54:06,741000.0,741072.0,2020-03-25 10:54:06
2020-03-25 10:54:07,741000.0,741072.0,2020-03-25 10:54:07
2020-03-25 10:54:08,741000.0,741072.0,2020-03-25 10:54:08
2020-03-25 10:54:09,741000.0,741072.0,2020-03-25 10:54:09
2020-03-25 10:54:10,741000.0,741072.0,2020-03-25 10:54:10
2020-03-25 10:54:11,741000.0,741072.0,2020-03-25 10:54:11
2020-03-25 10:54:12,741000.0,741072.0,2020-03-25 10:54:12
2020-03-25 10:54:13,741000.0,741072.0,2020-03-25 10:54:13
2020-03-25 10:54:14,741000.0,741072.0,2020-03-25 10:54:14
2020-03-25 10:54:15,741000.0,741072.0,2020-03-25 10:54:15
2020-03-25 10:54:17,740634.0,741019.0,2020-03-25 10:54:16
2020-03-25 10:54:18,740634.0,741019.0,2020-03-25 10:54:18
2020-03-25 10:54:19,740634.0,741019.0,2020-03-25 10:54:19
2020-03-25 10:54:20,740634.0,741019.0,2020-03-25 10:54:20
2020-03-25 10:54:21,740634.0,741019.0,2020-03-25 10:54:21
2020-03-25 10:54:22,740634.0,741019.0,2020-03-25 10:54:22
2020-03-25 10:54:23,740634.0,741019.0,2020-03-25 10:54:23
2020-03-25 10:54:24,740634.0,741019.0,2020-03-25 10:54:24
2020-03-25 10:54:25,740029.0,740300.0,2020-03-25 10:54:25
2020-03-25 10:54:26,740029.0,740300.0,2020-03-25 10:54:26
2020-03-25 10:54:27,740029.0,740300.0,2020-03-25 10:54:27
2020-03-25 10:54:28,740029.0,740300.0,2020-03-25 10:54:28
2020-03-25 10:54:29,740029.0,740300.0,2020-03-25 10:54:29
2020-03-25 10:54:30,740029.0,740300.0,2020-03-25 10:54:30
2020-03-25 10:54:31,740029.0,740300.0,2020-03-25 10:54:31
2020-03-25 10:54:32,740029.0,740300.0,2020-03-25 10:54:32
2020-03-25 10:54:33,740029.0,740300.0,2020-03-25 10:54:33
2020-03-25 10:54:34,740029.0,740300.0,2020-03-25 10:54:34
2020-03-25 10:54:35,740029.0,740300.0,2020-03-25 10:54:35
2020-03-25 10:54:37,740029.0,740300.0,2020-03-25 10:54:36
2020-03-25 10:54:38,740034.0,740326.0,2020-03-25 10:54:38
2020-03-25 10:54:39,740034.0,740326.0,2020-03-25 10:54:39
2020-03-25 10:54:40,740034.0,740326.0,2020-03-25 10:54:40
2020-03-25 10:54:41,740034.0,740326.0,2020-03-25 10:54:41
2020-03-25 10:54:42,740034.0,740326.0,2020-03-25 10:54:42
2020-03-25 10:54:43,740034.0,740326.0,2020-03-25 10:54:43
2020-03-25 10:54:44,740034.0,740326.0,2020-03-25 10:54:44
2020-03-25 10:54:45,740034.0,740326.0,2020-03-25 10:54:45
2020-03-25 10:54:46,739597.0,740000.0,2020-03-25 10:54:46
2020-03-25 10:54:47,739597.0,740000.0,2020-03-25 10:54:47
2020-03-25 10:54:48,739597.0,740000.0,2020-03-25 10:54:48
2020-03-25 10:54:49,739597.0,740000.0,2020-03-25 10:54:49
2020-03-25 10:54:50,739597.0,740000.0,2020-03-25 10:54:50
2020-03-25 10:54:51,739597.0,740000.0,2020-03-25 10:54:51
2020-03-25 10:54:52,739597.0,740000.0,2020-03-25 10:54:52
2020-03-25 10:54:53,739597.0,740000.0,2020-03-25 10:54:53
2020-03-25 10:54:54,739597.0,740000.0,2020-03-25 10:54:54
2020-03-25 10:54:56,739597.0,740000.0,2020-03-25 10:54:55
2020-03-25 10:54:57,740194.0,741024.0,2020-03-25 10:54:57
2020-03-25 10:54:58,740194.0,741024.0,2020-03-25 10:54:58
2020-03-25 10:54:59,740194.0,741024.0,2020-03-25 10:54:59
2020-03-25 10:55:00,740194.0,741024.0,2020-03-25 10:55:00
2020-03-25 10:55:01,740194.0,741024.0,2020-03-25 10:55:01
2020-03-25 10:55:02,740194.0,741024.0,2020-03-25 10:55:02
2020-03-25 10:55:03,740194.0,741024.0,2020-03-25 10:55:03
2020-03-25 10:55:04,740194.0,741024.0,2020-03-25 10:55:04
2020-03-25 10:55:05,740194.0,741024.0,2020-03-25 10:55:05
2020-03-25 10:55:06,739895.0,740225.0,2020-03-25 10:55:06
2020-03-25 10:55:07,739895.0,740225.0,2020-03-25 10:55:07
2020-03-25 10:55:08,739895.0,740225.0,2020-03-25 10:55:08
2020-03-25 10:55:09,739895.0,740225.0,2020-03-25 10:55:09
2020-03-25 10:55:10,739895.0,740225.0,2020-03-25 10:55:10
2020-03-25 10:55:11,739895.0,740225.0,2020-03-25 10:55:11
2020-03-25 10:55:12,739895.0,740225.0,2020-03-25 10:55:12
2020-03-25 10:55:13,739895.0,740225.0,2020-03-25 10:55:13
2020-03-25 10:55:14,739895.0,740225.0,2020-03-25 10:55:14
2020-03-25 10:55:15,739895.0,740225.0,2020-03-25 10:55:15
2020-03-25 10:55:17,739677.0,740214.0,2020-03-25 10:55:16
2020-03-25 10:55:18,739677.0,740214.0,2020-03-25 10:55:18
2020-03-25 10:55:19,739677.0,740214.0,2020-03-25 10:55:19
2020-03-25 10:55:20,739677.0,740214.0,2020-03-25 10:55:20
2020-03-25 10:55:22,739677.0,740214.0,2020-03-25 10:55:21
2020-03-25 10:55:23,739677.0,740214.0,2020-03-25 10:55:23
2020-03-25 10:55:24,739677.0,740214.0,2020-03-25 10:55:24
2020-03-25 10:55:25,739677.0,740214.0,2020-03-25 10:55:25
2020-03-25 10:55:26,738684.0,738765.0,2020-03-25 10:55:26
2020-03-25 10:55:27,738684.0,738765.0,2020-03-25 10:55:27
2020-03-25 10:55:28,738684.0,738765.0,2020-03-25 10:55:28
2020-03-25 10:55:29,738684.0,738765.0,2020-03-25 10:55:29
2020-03-25 10:55:30,738684.0,738765.0,2020-03-25 10:55:30
2020-03-25 10:55:31,738684.0,738765.0,2020-03-25 10:55:31
2020-03-25 10:55:32,738684.0,738765.0,2020-03-25 10:55:32
2020-03-25 10:55:33,738684.0,738765.0,2020-03-25 10:55:33
2020-03-25 10:55:34,738684.0,738765.0,2020-03-25 10:55:34
2020-03-25 10:55:35,738684.0,738765.0,2020-03-25 10:55:35
2020-03-25 10:55:36,737586.0,738170.0,2020-03-25 10:55:36
2020-03-25 10:55:37,737586.0,738170.0,2020-03-25 10:55:37
2020-03-25 10:55:39,737586.0,738170.0,2020-03-25 10:55:38
2020-03-25 10:55:40,737586.0,738170.0,2020-03-25 10:55:40
2020-03-25 10:55:41,737586.0,738170.0,2020-03-25 10:55:41
2020-03-25 10:55:42,737586.0,738170.0,2020-03-25 10:55:42
2020-03-25 10:55:43,737586.0,738170.0,2020-03-25 10:55:43
2020-03-25 10:55:44,737586.0,738170.0,2020-03-25 10:55:44
2020-03-25 10:55:45,737586.0,738170.0,2020-03-25 10:55:45
2020-03-25 10:55:46,737682.0,738171.0,2020-03-25 10:55:46
2020-03-25 10:55:47,737682.0,738171.0,2020-03-25 10:55:47
2020-03-25 10:55:48,737682.0,738171.0,2020-03-25 10:55:48
2020-03-25 10:55:49,737682.0,738171.0,2020-03-25 10:55:49
2020-03-25 10:55:50,737682.0,738171.0,2020-03-25 10:55:50
2020-03-25 10:55:51,737682.0,738171.0,2020-03-25 10:55:51
2020-03-25 10:55:52,737682.0,738171.0,2020-03-25 10:55:52
2020-03-25 10:55:53,737682.0,738171.0,2020-03-25 10:55:53
2020-03-25 10:55:55,737682.0,738171.0,2020-03-25 10:55:54
2020-03-25 10:55:56,737682.0,738171.0,2020-03-25 10:55:56
2020-03-25 10:55:57,737706.0,738161.0,2020-03-25 10:55:57
2020-03-25 10:55:58,737706.0,738161.0,2020-03-25 10:55:58
2020-03-25 10:55:59,737706.0,738161.0,2020-03-25 10:55:59
2020-03-25 10:56:00,737706.0,738161.0,2020-03-25 10:56:00
2020-03-25 10:56:01,737706.0,738161.0,2020-03-25 10:56:01
2020-03-25 10:56:02,737706.0,738161.0,2020-03-25 10:56:02
2020-03-25 10:56:03,737706.0,738161.0,2020-03-25 10:56:03
2020-03-25 10:56:04,737706.0,738161.0,2020-03-25 10:56:04
2020-03-25 10:56:05,736967.0,737362.0,2020-03-25 10:56:05
2020-03-25 10:56:06,736967.0,737362.0,2020-03-25 10:56:06
2020-03-25 10:56:07,736967.0,737362.0,2020-03-25 10:56:07
2020-03-25 10:56:08,736967.0,737362.0,2020-03-25 10:56:08
2020-03-25 10:56:09,736967.0,737362.0,2020-03-25 10:56:09
2020-03-25 10:56:10,736967.0,737362.0,2020-03-25 10:56:10
2020-03-25 10:56:11,736967.0,737362.0,2020-03-25 10:56:11
2020-03-25 10:56:13,736967.0,737362.0,2020-03-25 10:56:12
2020-03-25 10:56:14,736967.0,737362.0,2020-03-25 10:56:14
2020-03-25 10:56:15,737761.0,737948.0,2020-03-25 10:56:15
2020-03-25 10:56:16,737761.0,737948.0,2020-03-25 10:56:16
2020-03-25 10:56:17,737761.0,737948.0,2020-03-25 10:56:17
2020-03-25 10:56:18,737761.0,737948.0,2020-03-25 10:56:18
2020-03-25 10:56:19,737761.0,737948.0,2020-03-25 10:56:19
2020-03-25 10:56:20,737761.0,737948.0,2020-03-25 10:56:20
2020-03-25 10:56:21,737761.0,737948.0,2020-03-25 10:56:21
2020-03-25 10:56:22,737761.0,737948.0,2020-03-25 10:56:22
2020-03-25 10:56:23,737761.0,737948.0,2020-03-25 10:56:23
2020-03-25 10:56:24,737761.0,737948.0,2020-03-25 10:56:24
2020-03-25 10:56:25,737761.0,737948.0,2020-03-25 10:56:25
2020-03-25 10:56:26,737704.0,738173.0,2020-03-25 10:56:26
2020-03-25 10:56:27,737704.0,738173.0,2020-03-25 10:56:27
2020-03-25 10:56:28,737704.0,738173.0,2020-03-25 10:56:28
2020-03-25 10:56:30,737704.0,738173.0,2020-03-25 10:56:29
2020-03-25 10:56:31,737704.0,738173.0,2020-03-25 10:56:31
2020-03-25 10:56:32,737704.0,738173.0,2020-03-25 10:56:32
2020-03-25 10:56:33,737704.0,738173.0,2020-03-25 10:56:33
2020-03-25 10:56:34,737704.0,738173.0,2020-03-25 10:56:34
2020-03-25 10:56:35,737704.0,738173.0,2020-03-25 10:56:35
2020-03-25 10:56:36,737704.0,738173.0,2020-03-25 10:56:36
2020-03-25 10:56:37,737464.0,738068.0,2020-03-25 10:56:37
2020-03-25 10:56:38,737464.0,738068.0,2020-03-25 10:56:38
2020-03-25 10:56:39,737464.0,738068.0,2020-03-25 10:56:39
2020-03-25 10:56:40,737464.0,738068.0,2020-03-25 10:56:40
2020-03-25 10:56:41,737464.0,738068.0,2020-03-25 10:56:41
2020-03-25 10:56:42,737464.0,738068.0,2020-03-25 10:56:42
2020-03-25 10:56:43,737464.0,738068.0,2020-03-25 10:56:43
2020-03-25 10:56:44,737464.0,738068.0,2020-03-25 10:56:44
2020-03-25 10:56:45,737464.0,738068.0,2020-03-25 10:56:45
2020-03-25 10:56:46,737464.0,738068.0,2020-03-25 10:56:46
2020-03-25 10:56:47,737659.0,738141.0,2020-03-25 10:56:47
2020-03-25 10:56:48,737659.0,738141.0,2020-03-25 10:56:48
2020-03-25 10:56:50,737659.0,738141.0,2020-03-25 10:56:49
2020-03-25 10:56:51,737659.0,738141.0,2020-03-25 10:56:51
2020-03-25 10:56:52,737659.0,738141.0,2020-03-25 10:56:52
2020-03-25 10:56:53,737659.0,738141.0,2020-03-25 10:56:53
2020-03-25 10:56:54,737659.0,738141.0,2020-03-25 10:56:54
2020-03-25 10:56:55,737659.0,738141.0,2020-03-25 10:56:55
2020-03-25 10:56:56,736398.0,737252.0,2020-03-25 10:56:56
2020-03-25 10:56:57,736398.0,737252.0,2020-03-25 10:56:57
2020-03-25 10:56:58,736398.0,737252.0,2020-03-25 10:56:58
2020-03-25 10:56:59,736398.0,737252.0,2020-03-25 10:56:59
2020-03-25 10:57:00,736398.0,737252.0,2020-03-25 10:57:00
2020-03-25 10:57:01,736398.0,737252.0,2020-03-25 10:57:01
2020-03-25 10:57:02,736398.0,737252.0,2020-03-25 10:57:02
2020-03-25 10:57:03,736398.0,737252.0,2020-03-25 10:57:03
2020-03-25 10:57:04,736398.0,737252.0,2020-03-25 10:57:04
2020-03-25 10:57:05,736943.0,737451.0,2020-03-25 10:57:05
2020-03-25 10:57:07,736943.0,737451.0,2020-03-25 10:57:06
2020-03-25 10:57:08,736943.0,737451.0,2020-03-25 10:57:08
2020-03-25 10:57:09,736943.0,737451.0,2020-03-25 10:57:09
2020-03-25 10:57:10,736943.0,737451.0,2020-03-25 10:57:10
2020-03-25 10:57:11,736943.0,737451.0,2020-03-25 10:57:11
2020-03-25 10:57:12,736943.0,737451.0,2020-03-25 10:57:12
2020-03-25 10:57:13,736943.0,737451.0,2020-03-25 10:57:13
2020-03-25 10:57:14,736943.0,737451.0,2020-03-25 10:57:14
2020-03-25 10:57:15,736542.0,737393.0,2020-03-25 10:57:15
2020-03-25 10:57:16,736542.0,737393.0,2020-03-25 10:57:16
2020-03-25 10:57:17,736542.0,737393.0,2020-03-25 10:57:17
2020-03-25 10:57:18,736542.0,737393.0,2020-03-25 10:57:18
2020-03-25 10:57:19,736542.0,737393.0,2020-03-25 10:57:19
2020-03-25 10:57:20,736542.0,737393.0,2020-03-25 10:57:20
2020-03-25 10:57:21,736542.0,737393.0,2020-03-25 10:57:21
2020-03-25 10:57:22,736542.0,737393.0,2020-03-25 10:57:22
2020-03-25 10:57:23,736542.0,737393.0,2020-03-25 10:57:23
2020-03-25 10:57:25,736542.0,737393.0,2020-03-25 10:57:24
2020-03-25 10:57:26,736542.0,737393.0,2020-03-25 10:57:26
2020-03-25 10:57:27,736175.0,736802.0,2020-03-25 10:57:27
2020-03-25 10:57:28,736175.0,736802.0,2020-03-25 10:57:28
2020-03-25 10:57:29,736175.0,736802.0,2020-03-25 10:57:29
2020-03-25 10:57:30,736175.0,736802.0,2020-03-25 10:57:30
2020-03-25 10:57:31,736175.0,736802.0,2020-03-25 10:57:31
2020-03-25 10:57:32,736175.0,736802.0,2020-03-25 10:57:32
2020-03-25 10:57:33,736175.0,736802.0,2020-03-25 10:57:33
2020-03-25 10:57:34,736175.0,736802.0,2020-03-25 10:57:34
2020-03-25 10:57:35,734994.0,735069.0,2020-03-25 10:57:35
2020-03-25 10:57:36,734994.0,735069.0,2020-03-25 10:57:36
2020-03-25 10:57:37,734994.0,735069.0,2020-03-25 10:57:37
2020-03-25 10:57:38,734994.0,735069.0,2020-03-25 10:57:38
2020-03-25 10:57:40,734994.0,735069.0,2020-03-25 10:57:39
2020-03-25 10:57:41,734994.0,735069.0,2020-03-25 10:57:41
2020-03-25 10:57:42,734994.0,735069.0,2020-03-25 10:57:42
2020-03-25 10:57:43,734994.0,735069.0,2020-03-25 10:57:43
2020-03-25 10:57:44,734994.0,735069.0,2020-03-25 10:57:44
2020-03-25 10:57:45,735002.0,735326.0,2020-03-25 10:57:45
2020-03-25 10:57:46,735002.0,735326.0,2020-03-25 10:57:46
2020-03-25 10:57:47,735002.0,735326.0,2020-03-25 10:57:47
2020-03-25 10:57:48,735002.0,735326.0,2020-03-25 10:57:48
2020-03-25 10:57:49,735002.0,735326.0,2020-03-25 10:57:49
2020-03-25 10:57:50,735002.0,735326.0,2020-03-25 10:57:50
2020-03-25 10:57:51,735002.0,735326.0,2020-03-25 10:57:51
2020-03-25 10:57:52,735002.0,735326.0,2020-03-25 10:57:52
2020-03-25 10:57:53,735002.0,735326.0,2020-03-25 10:57:53
2020-03-25 10:57:54,735002.0,735326.0,2020-03-25 10:57:54
2020-03-25 10:57:55,735002.0,735326.0,2020-03-25 10:57:55
2020-03-25 10:57:57,733923.0,734849.0,2020-03-25 10:57:56
2020-03-25 10:57:58,733923.0,734849.0,2020-03-25 10:57:58
2020-03-25 10:57:59,733923.0,734849.0,2020-03-25 10:57:59
2020-03-25 10:58:00,733923.0,734849.0,2020-03-25 10:58:00
2020-03-25 10:58:01,733923.0,734849.0,2020-03-25 10:58:01
2020-03-25 10:58:02,733923.0,734849.0,2020-03-25 10:58:02
2020-03-25 10:58:03,733923.0,734849.0,2020-03-25 10:58:03
2020-03-25 10:58:04,733923.0,734849.0,2020-03-25 10:58:04
2020-03-25 10:58:05,733252.0,733301.0,2020-03-25 10:58:05
2020-03-25 10:58:07,733252.0,733301.0,2020-03-25 10:58:07
2020-03-25 10:58:08,733252.0,733301.0,2020-03-25 10:58:08
2020-03-25 10:58:09,733252.0,733301.0,2020-03-25 10:58:09
2020-03-25 10:58:10,733252.0,733301.0,2020-03-25 10:58:10
2020-03-25 10:58:11,733252.0,733301.0,2020-03-25 10:58:11
2020-03-25 10:58:12,733252.0,733301.0,2020-03-25 10:58:12
2020-03-25 10:58:13,733252.0,733301.0,2020-03-25 10:58:13
2020-03-25 10:58:14,734131.0,734810.0,2020-03-25 10:58:14
2020-03-25 10:58:15,734131.0,734810.0,2020-03-25 10:58:15
2020-03-25 10:58:16,734131.0,734810.0,2020-03-25 10:58:16
2020-03-25 10:58:17,734131.0,734810.0,2020-03-25 10:58:17
2020-03-25 10:58:18,734131.0,734810.0,2020-03-25 10:58:18
2020-03-25 10:58:20,734131.0,734810.0,2020-03-25 10:58:19
2020-03-25 10:58:21,734131.0,734810.0,2020-03-25 10:58:21
2020-03-25 10:58:22,734131.0,734810.0,2020-03-25 10:58:22
2020-03-25 10:58:23,734131.0,734810.0,2020-03-25 10:58:23
2020-03-25 10:58:24,734131.0,734810.0,2020-03-25 10:58:24
2020-03-25 10:58:25,734131.0,734810.0,2020-03-25 10:58:25
2020-03-25 10:58:26,734670.0,735193.0,2020-03-25 10:58:26
2020-03-25 10:58:27,734670.0,735193.0,2020-03-25 10:58:27
2020-03-25 10:58:28,734670.0,735193.0,2020-03-25 10:58:28
2020-03-25 10:58:29,734670.0,735193.0,2020-03-25 10:58:29
2020-03-25 10:58:30,734670.0,735193.0,2020-03-25 10:58:30
2020-03-25 10:58:31,734670.0,735193.0,2020-03-25 10:58:31
2020-03-25 10:58:32,734670.0,735193.0,2020-03-25 10:58:32
2020-03-25 10:58:33,734670.0,735193.0,2020-03-25 10:58:33
2020-03-25 10:58:34,734670.0,735193.0,2020-03-25 10:58:34
2020-03-25 10:58:35,735226.0,735600.0,2020-03-25 10:58:35
2020-03-25 10:58:36,735226.0,735600.0,2020-03-25 10:58:36
2020-03-25 10:58:37,735226.0,735600.0,2020-03-25 10:58:37
2020-03-25 10:58:39,735226.0,735600.0,2020-03-25 10:58:39
2020-03-25 10:58:40,735226.0,735600.0,2020-03-25 10:58:40
2020-03-25 10:58:41,735226.0,735600.0,2020-03-25 10:58:41
2020-03-25 10:58:42,735226.0,735600.0,2020-03-25 10:58:42
2020-03-25 10:58:43,735226.0,735600.0,2020-03-25 10:58:43
2020-03-25 10:58:44,735226.0,735600.0,2020-03-25 10:58:44
2020-03-25 10:58:45,734829.0,735059.0,2020-03-25 10:58:45
2020-03-25 10:58:46,734829.0,735059.0,2020-03-25 10:58:46
2020-03-25 10:58:47,734829.0,735059.0,2020-03-25 10:58:47
2020-03-25 10:58:48,734829.0,735059.0,2020-03-25 10:58:48
2020-03-25 10:58:49,734829.0,735059.0,2020-03-25 10:58:49
2020-03-25 10:58:50,734829.0,735059.0,2020-03-25 10:58:50
2020-03-25 10:58:51,734829.0,735059.0,2020-03-25 10:58:51
2020-03-25 10:58:52,734829.0,735059.0,2020-03-25 10:58:52
2020-03-25 10:58:53,734829.0,735059.0,2020-03-25 10:58:53
2020-03-25 10:58:55,734584.0,735500.0,2020-03-25 10:58:54
2020-03-25 10:58:56,734584.0,735500.0,2020-03-25 10:58:56
2020-03-25 10:58:57,734584.0,735500.0,2020-03-25 10:58:57
2020-03-25 10:58:58,734584.0,735500.0,2020-03-25 10:58:58
2020-03-25 10:58:59,734584.0,735500.0,2020-03-25 10:58:59
2020-03-25 10:59:00,734584.0,735500.0,2020-03-25 10:59:00
2020-03-25 10:59:01,734584.0,735500.0,2020-03-25 10:59:01
2020-03-25 10:59:02,734584.0,735500.0,2020-03-25 10:59:02
2020-03-25 10:59:03,734584.0,735500.0,2020-03-25 10:59:03
2020-03-25 10:59:04,734584.0,735500.0,2020-03-25 10:59:04
2020-03-25 10:59:05,735840.0,736296.0,2020-03-25 10:59:05
2020-03-25 10:59:06,735840.0,736296.0,2020-03-25 10:59:06
2020-03-25 10:59:07,735840.0,736296.0,2020-03-25 10:59:07
2020-03-25 10:59:08,735840.0,736296.0,2020-03-25 10:59:08
2020-03-25 10:59:09,735840.0,736296.0,2020-03-25 10:59:09
2020-03-25 10:59:10,735840.0,736296.0,2020-03-25 10:59:10
2020-03-25 10:59:11,735840.0,736296.0,2020-03-25 10:59:11
2020-03-25 10:59:13,735840.0,736296.0,2020-03-25 10:59:12
2020-03-25 10:59:14,735840.0,736296.0,2020-03-25 10:59:14
2020-03-25 10:59:15,735840.0,736296.0,2020-03-25 10:59:15
2020-03-25 10:59:16,735582.0,735589.0,2020-03-25 10:59:16
2020-03-25 10:59:17,735582.0,735589.0,2020-03-25 10:59:17
2020-03-25 10:59:18,735582.0,735589.0,2020-03-25 10:59:18
2020-03-25 10:59:19,735582.0,735589.0,2020-03-25 10:59:19
2020-03-25 10:59:20,735582.0,735589.0,2020-03-25 10:59:20
2020-03-25 10:59:21,735582.0,735589.0,2020-03-25 10:59:21
2020-03-25 10:59:22,735582.0,735589.0,2020-03-25 10:59:22
2020-03-25 10:59:23,735582.0,735589.0,2020-03-25 10:59:23
2020-03-25 10:59:24,735582.0,735589.0,2020-03-25 10:59:24
2020-03-25 10:59:25,735582.0,735589.0,2020-03-25 10:59:25
2020-03-25 10:59:26,735582.0,735589.0,2020-03-25 10:59:26
2020-03-25 10:59:28,734085.0,734974.0,2020-03-25 10:59:28
2020-03-25 10:59:29,734085.0,734974.0,2020-03-25 10:59:29
2020-03-25 10:59:30,734085.0,734974.0,2020-03-25 10:59:30
2020-03-25 10:59:31,734085.0,734974.0,2020-03-25 10:59:31
2020-03-25 10:59:32,734085.0,734974.0,2020-03-25 10:59:32
2020-03-25 10:59:33,734085.0,734974.0,2020-03-25 10:59:33
2020-03-25 10:59:34,734085.0,734974.0,2020-03-25 10:59:34
2020-03-25 10:59:35,734547.0,735017.0,2020-03-25 10:59:35
2020-03-25 10:59:36,734547.0,735017.0,2020-03-25 10:59:36
2020-03-25 10:59:37,734547.0,735017.0,2020-03-25 10:59:37
2020-03-25 10:59:38,734547.0,735017.0,2020-03-25 10:59:38
2020-03-25 10:59:39,734547.0,735017.0,2020-03-25 10:59:39
2020-03-25 10:59:41,734547.0,735017.0,2020-03-25 10:59:41
2020-03-25 10:59:42,734547.0,735017.0,2020-03-25 10:59:42
2020-03-25 10:59:43,734547.0,735017.0,2020-03-25 10:59:43
2020-03-25 10:59:44,734547.0,735017.0,2020-03-25 10:59:44
2020-03-25 10:59:45,734090.0,734858.0,2020-03-25 10:59:45
2020-03-25 10:59:46,734090.0,734858.0,2020-03-25 10:59:46
2020-03-25 10:59:47,734090.0,734858.0,2020-03-25 10:59:47
2020-03-25 10:59:48,734090.0,734858.0,2020-03-25 10:59:48
2020-03-25 10:59:49,734090.0,734858.0,2020-03-25 10:59:49
2020-03-25 10:59:50,734090.0,734858.0,2020-03-25 10:59:50
2020-03-25 10:59:51,734090.0,734858.0,2020-03-25 10:59:51
2020-03-25 10:59:52,734090.0,734858.0,2020-03-25 10:59:52
2020-03-25 10:59:53,734090.0,734858.0,2020-03-25 10:59:53
2020-03-25 10:59:54,734090.0,734858.0,2020-03-25 10:59:54
2020-03-25 10:59:55,734090.0,734858.0,2020-03-25 10:59:55
2020-03-25 10:59:56,734143.0,734709.0,2020-03-25 10:59:56
2020-03-25 10:59:57,734143.0,734709.0,2020-03-25 10:59:57
2020-03-25 10:59:59,734143.0,734709.0,2020-03-25 10:59:58
2020-03-25 11:00:00,734143.0,734709.0,2020-03-25 11:00:00
2020-03-25 11:00:01,734143.0,734709.0,2020-03-25 11:00:01
2020-03-25 11:00:02,734143.0,734709.0,2020-03-25 11:00:02
2020-03-25 11:00:03,734143.0,734709.0,2020-03-25 11:00:03
2020-03-25 11:00:04,734143.0,734709.0,2020-03-25 11:00:04
2020-03-25 11:00:05,734143.0,734709.0,2020-03-25 11:00:05
2020-03-25 11:00:06,734143.0,734709.0,2020-03-25 11:00:06
2020-03-25 11:00:07,734505.0,735084.0,2020-03-25 11:00:07
2020-03-25 11:00:08,734505.0,735084.0,2020-03-25 11:00:08
2020-03-25 11:00:09,734505.0,735084.0,2020-03-25 11:00:09
2020-03-25 11:00:11,734505.0,735084.0,2020-03-25 11:00:10
2020-03-25 11:00:12,734505.0,735084.0,2020-03-25 11:00:12
2020-03-25 11:00:13,734505.0,735084.0,2020-03-25 11:00:13
2020-03-25 11:00:14,734505.0,735084.0,2020-03-25 11:00:14
2020-03-25 11:00:15,734505.0,735084.0,2020-03-25 11:00:15
2020-03-25 11:00:16,734505.0,735084.0,2020-03-25 11:00:16
2020-03-25 11:00:17,734500.0,735004.0,2020-03-25 11:00:17
2020-03-25 11:00:18,734500.0,735004.0,2020-03-25 11:00:18
2020-03-25 11:00:19,734500.0,735004.0,2020-03-25 11:00:19
2020-03-25 11:00:20,734500.0,735004.0,2020-03-25 11:00:20
2020-03-25 11:00:21,734500.0,735004.0,2020-03-25 11:00:21
2020-03-25 11:00:22,734500.0,735004.0,2020-03-25 11:00:22
2020-03-25 11:00:23,734500.0,735004.0,2020-03-25 11:00:23
2020-03-25 11:00:25,734500.0,735004.0,2020-03-25 11:00:24
2020-03-25 11:00:26,734500.0,735004.0,2020-03-25 11:00:26
2020-03-25 11:00:27,734960.0,735732.0,2020-03-25 11:00:27
2020-03-25 11:00:28,734960.0,735732.0,2020-03-25 11:00:28
2020-03-25 11:00:29,734960.0,735732.0,2020-03-25 11:00:29
2020-03-25 11:00:30,734960.0,735732.0,2020-03-25 11:00:30
2020-03-25 11:00:31,734960.0,735732.0,2020-03-25 11:00:31
2020-03-25 11:00:32,734960.0,735732.0,2020-03-25 11:00:32
2020-03-25 11:00:33,734960.0,735732.0,2020-03-25 11:00:33
2020-03-25 11:00:34,734960.0,735732.0,2020-03-25 11:00:34
2020-03-25 11:00:35,734960.0,735732.0,2020-03-25 11:00:35
2020-03-25 11:00:36,734960.0,735732.0,2020-03-25 11:00:36
2020-03-25 11:00:37,734960.0,735732.0,2020-03-25 11:00:37
2020-03-25 11:00:38,735172.0,735977.0,2020-03-25 11:00:38
2020-03-25 11:00:39,735172.0,735977.0,2020-03-25 11:00:39
2020-03-25 11:00:40,735172.0,735977.0,2020-03-25 11:00:40
2020-03-25 11:00:41,735172.0,735977.0,2020-03-25 11:00:41
2020-03-25 11:00:42,735172.0,735977.0,2020-03-25 11:00:42
2020-03-25 11:00:44,735172.0,735977.0,2020-03-25 11:00:43
2020-03-25 11:00:45,735172.0,735977.0,2020-03-25 11:00:45
2020-03-25 11:00:46,735172.0,735977.0,2020-03-25 11:00:46
2020-03-25 11:00:47,735172.0,735977.0,2020-03-25 11:00:47
2020-03-25 11:00:48,735360.0,735999.0,2020-03-25 11:00:48
2020-03-25 11:00:49,735360.0,735999.0,2020-03-25 11:00:49
2020-03-25 11:00:50,735360.0,735999.0,2020-03-25 11:00:50
2020-03-25 11:00:51,735360.0,735999.0,2020-03-25 11:00:51
2020-03-25 11:00:52,735360.0,735999.0,2020-03-25 11:00:52
2020-03-25 11:00:53,735360.0,735999.0,2020-03-25 11:00:53
2020-03-25 11:00:54,735360.0,735999.0,2020-03-25 11:00:54
2020-03-25 11:00:55,735360.0,735999.0,2020-03-25 11:00:55
2020-03-25 11:00:56,735360.0,735999.0,2020-03-25 11:00:56
2020-03-25 11:00:57,735360.0,735999.0,2020-03-25 11:00:57
2020-03-25 11:00:59,735680.0,736313.0,2020-03-25 11:00:58
2020-03-25 11:01:00,735680.0,736313.0,2020-03-25 11:01:00
2020-03-25 11:01:01,735680.0,736313.0,2020-03-25 11:01:01
2020-03-25 11:01:02,735680.0,736313.0,2020-03-25 11:01:02
2020-03-25 11:01:03,735680.0,736313.0,2020-03-25 11:01:03
2020-03-25 11:01:04,735680.0,736313.0,2020-03-25 11:01:04
2020-03-25 11:01:05,735680.0,736313.0,2020-03-25 11:01:05
2020-03-25 11:01:06,736046.0,736613.0,2020-03-25 11:01:06
2020-03-25 11:01:07,736046.0,736613.0,2020-03-25 11:01:07
2020-03-25 11:01:08,736046.0,736613.0,2020-03-25 11:01:08
2020-03-25 11:01:09,736046.0,736613.0,2020-03-25 11:01:09
2020-03-25 11:01:10,736046.0,736613.0,2020-03-25 11:01:10
2020-03-25 11:01:11,736046.0,736613.0,2020-03-25 11:01:11
2020-03-25 11:01:12,736046.0,736613.0,2020-03-25 11:01:12
2020-03-25 11:01:14,736046.0,736613.0,2020-03-25 11:01:13
2020-03-25 11:01:15,736046.0,736613.0,2020-03-25 11:01:15
2020-03-25 11:01:16,735750.0,736778.0,2020-03-25 11:01:16
2020-03-25 11:01:17,735750.0,736778.0,2020-03-25 11:01:17
2020-03-25 11:01:18,735750.0,736778.0,2020-03-25 11:01:18
2020-03-25 11:01:19,735750.0,736778.0,2020-03-25 11:01:19
2020-03-25 11:01:20,735750.0,736778.0,2020-03-25 11:01:20
2020-03-25 11:01:21,735750.0,736778.0,2020-03-25 11:01:21
2020-03-25 11:01:22,735750.0,736778.0,2020-03-25 11:01:22
2020-03-25 11:01:23,735750.0,736778.0,2020-03-25 11:01:23
2020-03-25 11:01:24,735750.0,736778.0,2020-03-25 11:01:24
2020-03-25 11:01:25,735750.0,736778.0,2020-03-25 11:01:25
2020-03-25 11:01:26,735750.0,736778.0,2020-03-25 11:01:26
2020-03-25 11:01:27,735591.0,736080.0,2020-03-25 11:01:27
2020-03-25 11:01:28,735591.0,736080.0,2020-03-25 11:01:28
2020-03-25 11:01:30,735591.0,736080.0,2020-03-25 11:01:29
2020-03-25 11:01:31,735591.0,736080.0,2020-03-25 11:01:31
2020-03-25 11:01:32,735591.0,736080.0,2020-03-25 11:01:32
2020-03-25 11:01:33,735591.0,736080.0,2020-03-25 11:01:33
2020-03-25 11:01:34,735591.0,736080.0,2020-03-25 11:01:34
2020-03-25 11:01:35,735591.0,736080.0,2020-03-25 11:01:35
2020-03-25 11:01:36,735150.0,735464.0,2020-03-25 11:01:36
2020-03-25 11:01:38,735150.0,735464.0,2020-03-25 11:01:38
2020-03-25 11:01:39,735150.0,735464.0,2020-03-25 11:01:39
2020-03-25 11:01:40,735150.0,735464.0,2020-03-25 11:01:40
2020-03-25 11:01:41,735150.0,735464.0,2020-03-25 11:01:41
2020-03-25 11:01:42,735150.0,735464.0,2020-03-25 11:01:42
2020-03-25 11:01:43,735150.0,735464.0,2020-03-25 11:01:43
2020-03-25 11:01:44,735150.0,735464.0,2020-03-25 11:01:44
2020-03-25 11:01:45,735150.0,735464.0,2020-03-25 11:01:45
2020-03-25 11:01:46,735150.0,735464.0,2020-03-25 11:01:46
2020-03-25 11:01:47,735150.0,735464.0,2020-03-25 11:01:47
2020-03-25 11:01:48,736450.0,736808.0,2020-03-25 11:01:48
2020-03-25 11:01:49,736450.0,736808.0,2020-03-25 11:01:49
2020-03-25 11:01:50,736450.0,736808.0,2020-03-25 11:01:50
2020-03-25 11:01:51,736450.0,736808.0,2020-03-25 11:01:51
2020-03-25 11:01:52,736450.0,736808.0,2020-03-25 11:01:52
2020-03-25 11:01:53,736450.0,736808.0,2020-03-25 11:01:53
2020-03-25 11:01:55,736450.0,736808.0,2020-03-25 11:01:54
2020-03-25 11:01:56,736450.0,736808.0,2020-03-25 11:01:56
2020-03-25 11:01:57,736239.0,736753.0,2020-03-25 11:01:57
2020-03-25 11:01:58,736239.0,736753.0,2020-03-25 11:01:58
2020-03-25 11:01:59,736239.0,736753.0,2020-03-25 11:01:59
2020-03-25 11:02:00,736239.0,736753.0,2020-03-25 11:02:00
2020-03-25 11:02:01,736239.0,736753.0,2020-03-25 11:02:01
2020-03-25 11:02:02,736239.0,736753.0,2020-03-25 11:02:02
2020-03-25 11:02:03,736239.0,736753.0,2020-03-25 11:02:03
2020-03-25 11:02:05,736239.0,736753.0,2020-03-25 11:02:04
2020-03-25 11:02:06,736239.0,736753.0,2020-03-25 11:02:06
2020-03-25 11:02:07,736320.0,736992.0,2020-03-25 11:02:07
2020-03-25 11:02:08,736320.0,736992.0,2020-03-25 11:02:08
2020-03-25 11:02:09,736320.0,736992.0,2020-03-25 11:02:09
2020-03-25 11:02:10,736320.0,736992.0,2020-03-25 11:02:10
2020-03-25 11:02:11,736320.0,736992.0,2020-03-25 11:02:11
2020-03-25 11:02:12,736320.0,736992.0,2020-03-25 11:02:12
2020-03-25 11:02:13,736320.0,736992.0,2020-03-25 11:02:13
2020-03-25 11:02:14,736320.0,736992.0,2020-03-25 11:02:14
2020-03-25 11:02:15,736320.0,736992.0,2020-03-25 11:02:15
2020-03-25 11:02:16,736320.0,736992.0,2020-03-25 11:02:16
2020-03-25 11:02:17,736320.0,736992.0,2020-03-25 11:02:17
2020-03-25 11:02:18,736320.0,736992.0,2020-03-25 11:02:18
2020-03-25 11:02:19,735610.0,736329.0,2020-03-25 11:02:19
2020-03-25 11:02:20,735610.0,736329.0,2020-03-25 11:02:20
2020-03-25 11:02:21,735610.0,736329.0,2020-03-25 11:02:21
2020-03-25 11:02:22,735610.0,736329.0,2020-03-25 11:02:22
2020-03-25 11:02:24,735610.0,736329.0,2020-03-25 11:02:23
2020-03-25 11:02:25,735610.0,736329.0,2020-03-25 11:02:25
2020-03-25 11:02:26,735610.0,736329.0,2020-03-25 11:02:26
2020-03-25 11:02:27,735173.0,735799.0,2020-03-25 11:02:27
2020-03-25 11:02:28,735173.0,735799.0,2020-03-25 11:02:28
2020-03-25 11:02:29,735173.0,735799.0,2020-03-25 11:02:29
2020-03-25 11:02:30,735173.0,735799.0,2020-03-25 11:02:30
2020-03-25 11:02:31,735173.0,735799.0,2020-03-25 11:02:31
2020-03-25 11:02:32,735173.0,735799.0,2020-03-25 11:02:32
2020-03-25 11:02:33,735173.0,735799.0,2020-03-25 11:02:33
2020-03-25 11:02:34,735173.0,735799.0,2020-03-25 11:02:34
2020-03-25 11:02:35,735173.0,735799.0,2020-03-25 11:02:35
2020-03-25 11:02:36,735173.0,735799.0,2020-03-25 11:02:36
2020-03-25 11:02:37,735201.0,735740.0,2020-03-25 11:02:37
2020-03-25 11:02:38,735201.0,735740.0,2020-03-25 11:02:38
2020-03-25 11:02:39,735201.0,735740.0,2020-03-25 11:02:39
2020-03-25 11:02:40,735201.0,735740.0,2020-03-25 11:02:40
2020-03-25 11:02:41,735201.0,735740.0,2020-03-25 11:02:41
2020-03-25 11:02:43,735201.0,735740.0,2020-03-25 11:02:42
2020-03-25 11:02:44,735201.0,735740.0,2020-03-25 11:02:44
2020-03-25 11:02:45,735201.0,735740.0,2020-03-25 11:02:45
2020-03-25 11:02:46,735201.0,735740.0,2020-03-25 11:02:46
2020-03-25 11:02:47,735209.0,735702.0,2020-03-25 11:02:47
2020-03-25 11:02:48,735209.0,735702.0,2020-03-25 11:02:48
2020-03-25 11:02:49,735209.0,735702.0,2020-03-25 11:02:49
2020-03-25 11:02:50,735209.0,735702.0,2020-03-25 11:02:50
2020-03-25 11:02:51,735209.0,735702.0,2020-03-25 11:02:51
2020-03-25 11:02:52,735209.0,735702.0,2020-03-25 11:02:52
2020-03-25 11:02:53,735209.0,735702.0,2020-03-25 11:02:53
2020-03-25 11:02:54,735209.0,735702.0,2020-03-25 11:02:54
2020-03-25 11:02:55,735209.0,735702.0,2020-03-25 11:02:55
2020-03-25 11:02:56,735209.0,735702.0,2020-03-25 11:02:56
2020-03-25 11:02:58,735209.0,735702.0,2020-03-25 11:02:57
2020-03-25 11:02:59,735254.0,735837.0,2020-03-25 11:02:59
2020-03-25 11:03:00,735254.0,735837.0,2020-03-25 11:03:00
2020-03-25 11:03:01,735254.0,735837.0,2020-03-25 11:03:01
2020-03-25 11:03:02,735254.0,735837.0,2020-03-25 11:03:02
2020-03-25 11:03:03,735254.0,735837.0,2020-03-25 11:03:03
2020-03-25 11:03:04,735254.0,735837.0,2020-03-25 11:03:04
2020-03-25 11:03:05,735254.0,735837.0,2020-03-25 11:03:05
2020-03-25 11:03:06,736044.0,736721.0,2020-03-25 11:03:06
2020-03-25 11:03:07,736044.0,736721.0,2020-03-25 11:03:07
2020-03-25 11:03:08,736044.0,736721.0,2020-03-25 11:03:08
2020-03-25 11:03:09,736044.0,736721.0,2020-03-25 11:03:09
2020-03-25 11:03:10,736044.0,736721.0,2020-03-25 11:03:10
2020-03-25 11:03:11,736044.0,736721.0,2020-03-25 11:03:11
2020-03-25 11:03:12,736044.0,736721.0,2020-03-25 11:03:12
2020-03-25 11:03:13,736044.0,736721.0,2020-03-25 11:03:13
2020-03-25 11:03:14,736044.0,736721.0,2020-03-25 11:03:14
2020-03-25 11:03:16,736044.0,736721.0,2020-03-25 11:03:15
2020-03-25 11:03:17,736109.0,736647.0,2020-03-25 11:03:17
2020-03-25 11:03:18,736109.0,736647.0,2020-03-25 11:03:18
2020-03-25 11:03:19,736109.0,736647.0,2020-03-25 11:03:19
2020-03-25 11:03:20,736109.0,736647.0,2020-03-25 11:03:20
2020-03-25 11:03:21,736109.0,736647.0,2020-03-25 11:03:21
2020-03-25 11:03:22,736109.0,736647.0,2020-03-25 11:03:22
2020-03-25 11:03:23,736109.0,736647.0,2020-03-25 11:03:23
2020-03-25 11:03:24,736109.0,736647.0,2020-03-25 11:03:24
2020-03-25 11:03:25,736109.0,736647.0,2020-03-25 11:03:25
2020-03-25 11:03:26,736109.0,736647.0,2020-03-25 11:03:26
2020-03-25 11:03:27,736561.0,737362.0,2020-03-25 11:03:27
2020-03-25 11:03:28,736561.0,737362.0,2020-03-25 11:03:28
2020-03-25 11:03:29,736561.0,737362.0,2020-03-25 11:03:29
2020-03-25 11:03:30,736561.0,737362.0,2020-03-25 11:03:30
2020-03-25 11:03:31,736561.0,737362.0,2020-03-25 11:03:31
2020-03-25 11:03:33,736561.0,737362.0,2020-03-25 11:03:32
2020-03-25 11:03:34,736561.0,737362.0,2020-03-25 11:03:34
2020-03-25 11:03:35,736561.0,737362.0,2020-03-25 11:03:35
2020-03-25 11:03:36,736561.0,737362.0,2020-03-25 11:03:36
2020-03-25 11:03:37,736211.0,736649.0,2020-03-25 11:03:37
2020-03-25 11:03:38,736211.0,736649.0,2020-03-25 11:03:38
2020-03-25 11:03:39,736211.0,736649.0,2020-03-25 11:03:39
2020-03-25 11:03:40,736211.0,736649.0,2020-03-25 11:03:40
2020-03-25 11:03:41,736211.0,736649.0,2020-03-25 11:03:41
2020-03-25 11:03:42,736211.0,736649.0,2020-03-25 11:03:42
2020-03-25 11:03:43,736211.0,736649.0,2020-03-25 11:03:43
2020-03-25 11:03:44,736211.0,736649.0,2020-03-25 11:03:44
2020-03-25 11:03:45,736211.0,736649.0,2020-03-25 11:03:45
2020-03-25 11:03:46,736211.0,736649.0,2020-03-25 11:03:46
2020-03-25 11:03:47,736237.0,736912.0,2020-03-25 11:03:47
2020-03-25 11:03:48,736237.0,736912.0,2020-03-25 11:03:48
2020-03-25 11:03:49,736237.0,736912.0,2020-03-25 11:03:49
2020-03-25 11:03:51,736237.0,736912.0,2020-03-25 11:03:50
2020-03-25 11:03:52,736237.0,736912.0,2020-03-25 11:03:52
2020-03-25 11:03:53,736237.0,736912.0,2020-03-25 11:03:53
2020-03-25 11:03:54,736237.0,736912.0,2020-03-25 11:03:54
2020-03-25 11:03:55,736237.0,736912.0,2020-03-25 11:03:55
2020-03-25 11:03:56,736237.0,736912.0,2020-03-25 11:03:56
2020-03-25 11:03:57,736237.0,736912.0,2020-03-25 11:03:57
2020-03-25 11:03:58,736636.0,737143.0,2020-03-25 11:03:58
2020-03-25 11:03:59,736636.0,737143.0,2020-03-25 11:03:59
2020-03-25 11:04:00,736636.0,737143.0,2020-03-25 11:04:00
2020-03-25 11:04:01,736636.0,737143.0,2020-03-25 11:04:01
2020-03-25 11:04:02,736636.0,737143.0,2020-03-25 11:04:02
2020-03-25 11:04:03,736636.0,737143.0,2020-03-25 11:04:03
2020-03-25 11:04:04,736636.0,737143.0,2020-03-25 11:04:04
2020-03-25 11:04:05,737092.0,737613.0,2020-03-25 11:04:05
2020-03-25 11:04:06,737092.0,737613.0,2020-03-25 11:04:06
2020-03-25 11:04:07,737092.0,737613.0,2020-03-25 11:04:07
2020-03-25 11:04:08,737092.0,737613.0,2020-03-25 11:04:08
2020-03-25 11:04:10,737092.0,737613.0,2020-03-25 11:04:09
2020-03-25 11:04:11,737092.0,737613.0,2020-03-25 11:04:11
2020-03-25 11:04:12,737092.0,737613.0,2020-03-25 11:04:12
2020-03-25 11:04:13,737092.0,737613.0,2020-03-25 11:04:13
2020-03-25 11:04:14,737092.0,737613.0,2020-03-25 11:04:14
2020-03-25 11:04:15,737092.0,737613.0,2020-03-25 11:04:15
2020-03-25 11:04:16,737125.0,737553.0,2020-03-25 11:04:16
2020-03-25 11:04:17,737125.0,737553.0,2020-03-25 11:04:17
2020-03-25 11:04:18,737125.0,737553.0,2020-03-25 11:04:18
2020-03-25 11:04:19,737125.0,737553.0,2020-03-25 11:04:19
2020-03-25 11:04:20,737125.0,737553.0,2020-03-25 11:04:20
2020-03-25 11:04:21,737125.0,737553.0,2020-03-25 11:04:21
2020-03-25 11:04:22,737125.0,737553.0,2020-03-25 11:04:22
2020-03-25 11:04:23,737125.0,737553.0,2020-03-25 11:04:23
2020-03-25 11:04:24,737125.0,737553.0,2020-03-25 11:04:24
2020-03-25 11:04:25,737125.0,737553.0,2020-03-25 11:04:25
2020-03-25 11:04:26,737125.0,737553.0,2020-03-25 11:04:26
2020-03-25 11:04:27,736627.0,737278.0,2020-03-25 11:04:27
2020-03-25 11:04:29,736627.0,737278.0,2020-03-25 11:04:28
2020-03-25 11:04:30,736627.0,737278.0,2020-03-25 11:04:30
2020-03-25 11:04:31,736627.0,737278.0,2020-03-25 11:04:31
2020-03-25 11:04:32,736627.0,737278.0,2020-03-25 11:04:32
2020-03-25 11:04:33,736627.0,737278.0,2020-03-25 11:04:33
2020-03-25 11:04:34,736627.0,737278.0,2020-03-25 11:04:34
2020-03-25 11:04:35,736067.0,736612.0,2020-03-25 11:04:35
2020-03-25 11:04:36,736067.0,736612.0,2020-03-25 11:04:36
2020-03-25 11:04:37,736067.0,736612.0,2020-03-25 11:04:37
2020-03-25 11:04:38,736067.0,736612.0,2020-03-25 11:04:38
2020-03-25 11:04:39,736067.0,736612.0,2020-03-25 11:04:39
2020-03-25 11:04:40,736067.0,736612.0,2020-03-25 11:04:40
2020-03-25 11:04:41,736067.0,736612.0,2020-03-25 11:04:41
2020-03-25 11:04:42,736067.0,736612.0,2020-03-25 11:04:42
2020-03-25 11:04:43,736067.0,736612.0,2020-03-25 11:04:43
2020-03-25 11:04:44,736067.0,736612.0,2020-03-25 11:04:44
2020-03-25 11:04:45,736067.0,736612.0,2020-03-25 11:04:45
2020-03-25 11:04:46,736455.0,737357.0,2020-03-25 11:04:46
2020-03-25 11:04:48,736455.0,737357.0,2020-03-25 11:04:47
2020-03-25 11:04:49,736455.0,737357.0,2020-03-25 11:04:49
2020-03-25 11:04:50,736455.0,737357.0,2020-03-25 11:04:50
2020-03-25 11:04:51,736455.0,737357.0,2020-03-25 11:04:51
2020-03-25 11:04:52,736455.0,737357.0,2020-03-25 11:04:52
2020-03-25 11:04:53,736455.0,737357.0,2020-03-25 11:04:53
2020-03-25 11:04:54,736455.0,737357.0,2020-03-25 11:04:54
2020-03-25 11:04:55,736455.0,737357.0,2020-03-25 11:04:55
2020-03-25 11:04:56,736506.0,737089.0,2020-03-25 11:04:56
2020-03-25 11:04:57,736506.0,737089.0,2020-03-25 11:04:57
2020-03-25 11:04:58,736506.0,737089.0,2020-03-25 11:04:58
2020-03-25 11:04:59,736506.0,737089.0,2020-03-25 11:04:59
2020-03-25 11:05:00,736506.0,737089.0,2020-03-25 11:05:00
2020-03-25 11:05:01,736506.0,737089.0,2020-03-25 11:05:01
2020-03-25 11:05:02,736506.0,737089.0,2020-03-25 11:05:02
2020-03-25 11:05:03,736506.0,737089.0,2020-03-25 11:05:03
2020-03-25 11:05:04,736506.0,737089.0,2020-03-25 11:05:04
2020-03-25 11:05:06,736700.0,737017.0,2020-03-25 11:05:05
2020-03-25 11:05:07,736700.0,737017.0,2020-03-25 11:05:07
2020-03-25 11:05:08,736700.0,737017.0,2020-03-25 11:05:08
2020-03-25 11:05:09,736700.0,737017.0,2020-03-25 11:05:09
2020-03-25 11:05:10,736700.0,737017.0,2020-03-25 11:05:10
2020-03-25 11:05:11,736700.0,737017.0,2020-03-25 11:05:11
2020-03-25 11:05:12,736700.0,737017.0,2020-03-25 11:05:12
2020-03-25 11:05:13,736700.0,737017.0,2020-03-25 11:05:13
2020-03-25 11:05:14,736700.0,737017.0,2020-03-25 11:05:14
2020-03-25 11:05:15,736700.0,737017.0,2020-03-25 11:05:15
2020-03-25 11:05:16,736700.0,736979.0,2020-03-25 11:05:16
2020-03-25 11:05:17,736700.0,736979.0,2020-03-25 11:05:17
2020-03-25 11:05:18,736700.0,736979.0,2020-03-25 11:05:18
2020-03-25 11:05:19,736700.0,736979.0,2020-03-25 11:05:19
2020-03-25 11:05:20,736700.0,736979.0,2020-03-25 11:05:20
2020-03-25 11:05:21,736700.0,736979.0,2020-03-25 11:05:21
2020-03-25 11:05:22,736700.0,736979.0,2020-03-25 11:05:22
2020-03-25 11:05:23,736700.0,736979.0,2020-03-25 11:05:23
2020-03-25 11:05:24,736700.0,736979.0,2020-03-25 11:05:24
2020-03-25 11:05:26,736700.0,736935.0,2020-03-25 11:05:25
2020-03-25 11:05:27,736700.0,736935.0,2020-03-25 11:05:27
2020-03-25 11:05:28,736700.0,736935.0,2020-03-25 11:05:28
2020-03-25 11:05:29,736700.0,736935.0,2020-03-25 11:05:29
2020-03-25 11:05:30,736700.0,736935.0,2020-03-25 11:05:30
2020-03-25 11:05:31,736700.0,736935.0,2020-03-25 11:05:31
2020-03-25 11:05:32,736700.0,736935.0,2020-03-25 11:05:32
2020-03-25 11:05:33,736700.0,736935.0,2020-03-25 11:05:33
2020-03-25 11:05:34,736700.0,736935.0,2020-03-25 11:05:34
2020-03-25 11:05:35,736700.0,736935.0,2020-03-25 11:05:35
2020-03-25 11:05:36,736700.0,736935.0,2020-03-25 11:05:36
2020-03-25 11:05:37,736340.0,736498.0,2020-03-25 11:05:37
2020-03-25 11:05:38,736340.0,736498.0,2020-03-25 11:05:38
2020-03-25 11:05:39,736340.0,736498.0,2020-03-25 11:05:39
2020-03-25 11:05:40,736340.0,736498.0,2020-03-25 11:05:40
2020-03-25 11:05:41,736340.0,736498.0,2020-03-25 11:05:41
2020-03-25 11:05:42,736340.0,736498.0,2020-03-25 11:05:42
2020-03-25 11:05:43,736340.0,736498.0,2020-03-25 11:05:43
2020-03-25 11:05:45,736340.0,736498.0,2020-03-25 11:05:44
2020-03-25 11:05:46,736340.0,736568.0,2020-03-25 11:05:46
2020-03-25 11:05:47,736340.0,736568.0,2020-03-25 11:05:47
2020-03-25 11:05:48,736340.0,736568.0,2020-03-25 11:05:48
2020-03-25 11:05:49,736340.0,736568.0,2020-03-25 11:05:49
2020-03-25 11:05:50,736340.0,736568.0,2020-03-25 11:05:50
2020-03-25 11:05:51,736340.0,736568.0,2020-03-25 11:05:51
2020-03-25 11:05:52,736340.0,736568.0,2020-03-25 11:05:52
2020-03-25 11:05:53,736340.0,736568.0,2020-03-25 11:05:53
2020-03-25 11:05:54,736340.0,736568.0,2020-03-25 11:05:54
2020-03-25 11:05:55,736340.0,736568.0,2020-03-25 11:05:55
2020-03-25 11:05:56,736340.0,736568.0,2020-03-25 11:05:56
2020-03-25 11:05:57,735903.0,736576.0,2020-03-25 11:05:57
2020-03-25 11:05:58,735903.0,736576.0,2020-03-25 11:05:58
2020-03-25 11:05:59,735903.0,736576.0,2020-03-25 11:05:59
2020-03-25 11:06:00,735903.0,736576.0,2020-03-25 11:06:00
2020-03-25 11:06:02,735903.0,736576.0,2020-03-25 11:06:01
2020-03-25 11:06:03,735903.0,736576.0,2020-03-25 11:06:03
2020-03-25 11:06:04,735903.0,736576.0,2020-03-25 11:06:04
2020-03-25 11:06:05,736313.0,736873.0,2020-03-25 11:06:05
2020-03-25 11:06:06,736313.0,736873.0,2020-03-25 11:06:06
2020-03-25 11:06:07,736313.0,736873.0,2020-03-25 11:06:07
2020-03-25 11:06:08,736313.0,736873.0,2020-03-25 11:06:08
2020-03-25 11:06:09,736313.0,736873.0,2020-03-25 11:06:09
2020-03-25 11:06:10,736313.0,736873.0,2020-03-25 11:06:10
2020-03-25 11:06:11,736313.0,736873.0,2020-03-25 11:06:11
2020-03-25 11:06:12,736313.0,736873.0,2020-03-25 11:06:12
2020-03-25 11:06:13,736313.0,736873.0,2020-03-25 11:06:13
2020-03-25 11:06:15,736313.0,736873.0,2020-03-25 11:06:14
2020-03-25 11:06:16,736130.0,736782.0,2020-03-25 11:06:16
2020-03-25 11:06:17,736130.0,736782.0,2020-03-25 11:06:17
2020-03-25 11:06:18,736130.0,736782.0,2020-03-25 11:06:18
2020-03-25 11:06:19,736130.0,736782.0,2020-03-25 11:06:19
2020-03-25 11:06:20,736130.0,736782.0,2020-03-25 11:06:20
2020-03-25 11:06:21,736130.0,736782.0,2020-03-25 11:06:21
2020-03-25 11:06:22,736130.0,736782.0,2020-03-25 11:06:22
2020-03-25 11:06:23,736130.0,736782.0,2020-03-25 11:06:23
2020-03-25 11:06:24,736130.0,736782.0,2020-03-25 11:06:24
2020-03-25 11:06:25,736130.0,736782.0,2020-03-25 11:06:25
2020-03-25 11:06:26,736130.0,736782.0,2020-03-25 11:06:26
2020-03-25 11:06:27,736834.0,737005.0,2020-03-25 11:06:27
2020-03-25 11:06:28,736834.0,737005.0,2020-03-25 11:06:28
2020-03-25 11:06:29,736834.0,737005.0,2020-03-25 11:06:29
2020-03-25 11:06:30,736834.0,737005.0,2020-03-25 11:06:30
2020-03-25 11:06:31,736834.0,737005.0,2020-03-25 11:06:31
2020-03-25 11:06:32,736834.0,737005.0,2020-03-25 11:06:32
2020-03-25 11:06:34,736834.0,737005.0,2020-03-25 11:06:34
2020-03-25 11:06:35,736919.0,736948.0,2020-03-25 11:06:35
2020-03-25 11:06:36,736919.0,736948.0,2020-03-25 11:06:36
2020-03-25 11:06:37,736919.0,736948.0,2020-03-25 11:06:37
2020-03-25 11:06:38,736919.0,736948.0,2020-03-25 11:06:38
2020-03-25 11:06:39,736919.0,736948.0,2020-03-25 11:06:39
2020-03-25 11:06:40,736919.0,736948.0,2020-03-25 11:06:40
2020-03-25 11:06:41,736919.0,736948.0,2020-03-25 11:06:41
2020-03-25 11:06:42,736919.0,736948.0,2020-03-25 11:06:42
2020-03-25 11:06:43,736919.0,736948.0,2020-03-25 11:06:43
2020-03-25 11:06:44,736919.0,736948.0,2020-03-25 11:06:44
2020-03-25 11:06:45,736919.0,736948.0,2020-03-25 11:06:45
2020-03-25 11:06:46,736919.0,736948.0,2020-03-25 11:06:46
2020-03-25 11:06:47,735964.0,736573.0,2020-03-25 11:06:47
2020-03-25 11:06:48,735964.0,736573.0,2020-03-25 11:06:48
2020-03-25 11:06:49,735964.0,736573.0,2020-03-25 11:06:49
2020-03-25 11:06:50,735964.0,736573.0,2020-03-25 11:06:50
2020-03-25 11:06:51,735964.0,736573.0,2020-03-25 11:06:51
2020-03-25 11:06:53,735964.0,736573.0,2020-03-25 11:06:52
2020-03-25 11:06:54,735964.0,736573.0,2020-03-25 11:06:54
2020-03-25 11:06:55,736092.0,736546.0,2020-03-25 11:06:55
2020-03-25 11:06:56,736092.0,736546.0,2020-03-25 11:06:56
2020-03-25 11:06:57,736092.0,736546.0,2020-03-25 11:06:57
2020-03-25 11:06:58,736092.0,736546.0,2020-03-25 11:06:58
2020-03-25 11:06:59,736092.0,736546.0,2020-03-25 11:06:59
2020-03-25 11:07:00,736092.0,736546.0,2020-03-25 11:07:00
2020-03-25 11:07:01,736092.0,736546.0,2020-03-25 11:07:01
2020-03-25 11:07:02,736092.0,736546.0,2020-03-25 11:07:02
2020-03-25 11:07:03,736092.0,736546.0,2020-03-25 11:07:03
2020-03-25 11:07:04,736092.0,736546.0,2020-03-25 11:07:04
2020-03-25 11:07:05,736243.0,736505.0,2020-03-25 11:07:05
2020-03-25 11:07:06,736243.0,736505.0,2020-03-25 11:07:06
2020-03-25 11:07:07,736243.0,736505.0,2020-03-25 11:07:07
2020-03-25 11:07:08,736243.0,736505.0,2020-03-25 11:07:08
2020-03-25 11:07:09,736243.0,736505.0,2020-03-25 11:07:09
2020-03-25 11:07:11,736243.0,736505.0,2020-03-25 11:07:10
2020-03-25 11:07:12,736243.0,736505.0,2020-03-25 11:07:12
2020-03-25 11:07:13,736243.0,736505.0,2020-03-25 11:07:13
2020-03-25 11:07:14,736243.0,736505.0,2020-03-25 11:07:14
2020-03-25 11:07:15,736256.0,736499.0,2020-03-25 11:07:15
2020-03-25 11:07:16,736256.0,736499.0,2020-03-25 11:07:16
2020-03-25 11:07:17,736256.0,736499.0,2020-03-25 11:07:17
2020-03-25 11:07:18,736256.0,736499.0,2020-03-25 11:07:18
2020-03-25 11:07:19,736256.0,736499.0,2020-03-25 11:07:19
2020-03-25 11:07:20,736256.0,736499.0,2020-03-25 11:07:20
2020-03-25 11:07:21,736256.0,736499.0,2020-03-25 11:07:21
2020-03-25 11:07:22,736256.0,736499.0,2020-03-25 11:07:22
2020-03-25 11:07:23,736256.0,736499.0,2020-03-25 11:07:23
2020-03-25 11:07:24,736256.0,736499.0,2020-03-25 11:07:24
2020-03-25 11:07:25,736256.0,736499.0,2020-03-25 11:07:25
2020-03-25 11:07:26,736256.0,736499.0,2020-03-25 11:07:26
2020-03-25 11:07:27,736256.0,736499.0,2020-03-25 11:07:27
2020-03-25 11:07:28,736256.0,736499.0,2020-03-25 11:07:28
2020-03-25 11:07:30,736316.0,736752.0,2020-03-25 11:07:29
2020-03-25 11:07:31,736316.0,736752.0,2020-03-25 11:07:31
2020-03-25 11:07:32,736316.0,736752.0,2020-03-25 11:07:32
2020-03-25 11:07:33,736316.0,736752.0,2020-03-25 11:07:33
2020-03-25 11:07:34,736316.0,736752.0,2020-03-25 11:07:34
2020-03-25 11:07:35,736316.0,736752.0,2020-03-25 11:07:35
2020-03-25 11:07:36,736316.0,736752.0,2020-03-25 11:07:36
2020-03-25 11:07:37,736316.0,736752.0,2020-03-25 11:07:37
2020-03-25 11:07:38,736352.0,736982.0,2020-03-25 11:07:38
2020-03-25 11:07:39,736352.0,736982.0,2020-03-25 11:07:39
2020-03-25 11:07:40,736352.0,736982.0,2020-03-25 11:07:40
2020-03-25 11:07:41,736352.0,736982.0,2020-03-25 11:07:41
2020-03-25 11:07:42,736352.0,736982.0,2020-03-25 11:07:42
2020-03-25 11:07:43,736352.0,736982.0,2020-03-25 11:07:43
2020-03-25 11:07:44,736352.0,736982.0,2020-03-25 11:07:44
2020-03-25 11:07:45,736352.0,736982.0,2020-03-25 11:07:45
2020-03-25 11:07:46,736352.0,736982.0,2020-03-25 11:07:46
2020-03-25 11:07:47,736383.0,736920.0,2020-03-25 11:07:47
2020-03-25 11:07:49,736383.0,736920.0,2020-03-25 11:07:48
2020-03-25 11:07:50,736383.0,736920.0,2020-03-25 11:07:50
2020-03-25 11:07:51,736383.0,736920.0,2020-03-25 11:07:51
2020-03-25 11:07:52,736383.0,736920.0,2020-03-25 11:07:52
2020-03-25 11:07:53,736383.0,736920.0,2020-03-25 11:07:53
2020-03-25 11:07:54,736383.0,736920.0,2020-03-25 11:07:54
2020-03-25 11:07:55,736383.0,736920.0,2020-03-25 11:07:55
2020-03-25 11:07:57,735382.0,735563.0,2020-03-25 11:07:56
2020-03-25 11:07:58,735382.0,735563.0,2020-03-25 11:07:58
2020-03-25 11:07:59,735382.0,735563.0,2020-03-25 11:07:59
2020-03-25 11:08:00,735382.0,735563.0,2020-03-25 11:08:00
2020-03-25 11:08:01,735382.0,735563.0,2020-03-25 11:08:01
2020-03-25 11:08:02,735382.0,735563.0,2020-03-25 11:08:02
2020-03-25 11:08:03,735382.0,735563.0,2020-03-25 11:08:03
2020-03-25 11:08:04,735382.0,735563.0,2020-03-25 11:08:04
2020-03-25 11:08:05,735151.0,735247.0,2020-03-25 11:08:05
2020-03-25 11:08:06,735151.0,735247.0,2020-03-25 11:08:06
2020-03-25 11:08:07,735151.0,735247.0,2020-03-25 11:08:07
2020-03-25 11:08:08,735151.0,735247.0,2020-03-25 11:08:08
2020-03-25 11:08:09,735151.0,735247.0,2020-03-25 11:08:09
2020-03-25 11:08:10,735151.0,735247.0,2020-03-25 11:08:10
2020-03-25 11:08:12,735151.0,735247.0,2020-03-25 11:08:11
2020-03-25 11:08:13,735151.0,735247.0,2020-03-25 11:08:13
2020-03-25 11:08:14,735151.0,735247.0,2020-03-25 11:08:14
2020-03-25 11:08:15,735151.0,735247.0,2020-03-25 11:08:15
2020-03-25 11:08:16,735151.0,735247.0,2020-03-25 11:08:16
2020-03-25 11:08:17,735151.0,735247.0,2020-03-25 11:08:17
2020-03-25 11:08:18,735353.0,736013.0,2020-03-25 11:08:18
2020-03-25 11:08:19,735353.0,736013.0,2020-03-25 11:08:19
