timestamp,bid,ask,tick_timestamp
2020-03-25 10:37:45,742005.0,742097.0,2020-03-25 10:37:45
2020-03-25 10:37:46,742005.0,742097.0,2020-03-25 10:37:46
2020-03-25 10:37:47,742314.0,742398.0,2020-03-25 10:37:47
2020-03-25 10:37:48,742314.0,742398.0,2020-03-25 10:37:48
2020-03-25 10:37:50,742111.0,742400.0,2020-03-25 10:37:49
2020-03-25 10:37:51,742252.0,742446.0,2020-03-25 10:37:51
2020-03-25 10:37:52,742252.0,742446.0,2020-03-25 10:37:52
2020-03-25 10:37:53,742252.0,742396.0,2020-03-25 10:37:53
2020-03-25 10:37:54,742252.0,742396.0,2020-03-25 10:37:54
2020-03-25 10:37:55,742123.0,742200.0,2020-03-25 10:37:55
2020-03-25 10:37:56,742123.0,742200.0,2020-03-25 10:37:56
2020-03-25 10:37:57,741939.0,742156.0,2020-03-25 10:37:57
2020-03-25 10:37:58,741939.0,742156.0,2020-03-25 10:37:58
2020-03-25 10:37:59,741456.0,741579.0,2020-03-25 10:37:59
2020-03-25 10:38:00,741456.0,741579.0,2020-03-25 10:38:00
2020-03-25 10:38:01,741137.0,741311.0,2020-03-25 10:38:01
2020-03-25 10:38:02,741137.0,741311.0,2020-03-25 10:38:02
2020-03-25 10:38:03,741153.0,741244.0,2020-03-25 10:38:03
2020-03-25 10:38:04,741153.0,741244.0,2020-03-25 10:38:04
2020-03-25 10:38:05,741078.0,741176.0,2020-03-25 10:38:05
2020-03-25 10:38:06,741078.0,741176.0,2020-03-25 10:38:06
2020-03-25 10:38:07,741128.0,741212.0,2020-03-25 10:38:07
2020-03-25 10:38:09,741128.0,741212.0,2020-03-25 10:38:08
2020-03-25 10:38:10,741128.0,741155.0,2020-03-25 10:38:10
2020-03-25 10:38:11,741128.0,741155.0,2020-03-25 10:38:11
2020-03-25 10:38:12,741049.0,741155.0,2020-03-25 10:38:12
2020-03-25 10:38:13,741049.0,741155.0,2020-03-25 10:38:13
2020-03-25 10:38:14,741062.0,741155.0,2020-03-25 10:38:14
2020-03-25 10:38:15,741062.0,741155.0,2020-03-25 10:38:15
2020-03-25 10:38:16,741070.0,741176.0,2020-03-25 10:38:16
2020-03-25 10:38:17,741070.0,741176.0,2020-03-25 10:38:17
2020-03-25 10:38:18,741075.0,741176.0,2020-03-25 10:38:18
2020-03-25 10:38:19,741075.0,741176.0,2020-03-25 10:38:19
2020-03-25 10:38:20,741000.0,741024.0,2020-03-25 10:38:20
2020-03-25 10:38:21,741000.0,741024.0,2020-03-25 10:38:21
2020-03-25 10:38:22,740610.0,740921.0,2020-03-25 10:38:22
2020-03-25 10:38:23,740610.0,740921.0,2020-03-25 10:38:23
2020-03-25 10:38:24,740910.0,741015.0,2020-03-25 10:38:24
2020-03-25 10:38:25,740910.0,741015.0,2020-03-25 10:38:25
2020-03-25 10:38:26,740610.0,740910.0,2020-03-25 10:38:26
2020-03-25 10:38:27,740610.0,740910.0,2020-03-25 10:38:27
2020-03-25 10:38:29,740442.0,740503.0,2020-03-25 10:38:28
2020-03-25 10:38:30,740442.0,740503.0,2020-03-25 10:38:30
2020-03-25 10:38:31,740420.0,740503.0,2020-03-25 10:38:31
2020-03-25 10:38:32,740420.0,740503.0,2020-03-25 10:38:32
2020-03-25 10:38:33,740520.0,740599.0,2020-03-25 10:38:33
2020-03-25 10:38:34,740520.0,740599.0,2020-03-25 10:38:34
2020-03-25 10:38:35,740227.0,740678.0,2020-03-25 10:38:35
2020-03-25 10:38:36,740227.0,740678.0,2020-03-25 10:38:36
2020-03-25 10:38:37,740227.0,740678.0,2020-03-25 10:38:37
2020-03-25 10:38:38,740227.0,740678.0,2020-03-25 10:38:38
2020-03-25 10:38:39,740358.0,740602.0,2020-03-25 10:38:39
2020-03-25 10:38:40,740358.0,740602.0,2020-03-25 10:38:40
2020-03-25 10:38:41,740551.0,740635.0,2020-03-25 10:38:41
2020-03-25 10:38:42,740551.0,740635.0,2020-03-25 10:38:42
2020-03-25 10:38:43,740281.0,740598.0,2020-03-25 10:38:43
2020-03-25 10:38:44,740281.0,740598.0,2020-03-25 10:38:44
2020-03-25 10:38:45,740491.0,740598.0,2020-03-25 10:38:45
2020-03-25 10:38:46,740491.0,740598.0,2020-03-25 10:38:46
2020-03-25 10:38:47,740286.0,740604.0,2020-03-25 10:38:47
2020-03-25 10:38:49,740286.0,740604.0,2020-03-25 10:38:48
2020-03-25 10:38:50,740336.0,740616.0,2020-03-25 10:38:50
2020-03-25 10:38:51,740336.0,740616.0,2020-03-25 10:38:51
2020-03-25 10:38:52,740420.0,740626.0,2020-03-25 10:38:52
2020-03-25 10:38:53,740420.0,740626.0,2020-03-25 10:38:53
2020-03-25 10:38:54,740588.0,740664.0,2020-03-25 10:38:54
2020-03-25 10:38:55,740588.0,740664.0,2020-03-25 10:38:55
2020-03-25 10:38:56,740669.0,740709.0,2020-03-25 10:38:56
2020-03-25 10:38:57,740669.0,740709.0,2020-03-25 10:38:57
2020-03-25 10:38:58,740686.0,740740.0,2020-03-25 10:38:58
2020-03-25 10:38:59,740686.0,740740.0,2020-03-25 10:38:59
2020-03-25 10:39:00,740686.0,740690.0,2020-03-25 10:39:00
2020-03-25 10:39:01,740686.0,740690.0,2020-03-25 10:39:01
2020-03-25 10:39:02,740722.0,740740.0,2020-03-25 10:39:02
2020-03-25 10:39:03,740722.0,740740.0,2020-03-25 10:39:03
2020-03-25 10:39:04,740686.0,740740.0,2020-03-25 10:39:04
2020-03-25 10:39:05,740686.0,740740.0,2020-03-25 10:39:05
2020-03-25 10:39:06,740538.0,740680.0,2020-03-25 10:39:06
2020-03-25 10:39:07,740538.0,740680.0,2020-03-25 10:39:07
2020-03-25 10:39:09,740331.0,740438.0,2020-03-25 10:39:09
2020-03-25 10:39:10,740331.0,740438.0,2020-03-25 10:39:10
2020-03-25 10:39:11,740000.0,740188.0,2020-03-25 10:39:11
2020-03-25 10:39:12,740000.0,740188.0,2020-03-25 10:39:12
2020-03-25 10:39:13,740012.0,740188.0,2020-03-25 10:39:13
2020-03-25 10:39:14,740012.0,740188.0,2020-03-25 10:39:14
2020-03-25 10:39:15,740062.0,740103.0,2020-03-25 10:39:15
2020-03-25 10:39:16,740062.0,740103.0,2020-03-25 10:39:16
2020-03-25 10:39:17,740062.0,740134.0,2020-03-25 10:39:17
2020-03-25 10:39:18,740062.0,740134.0,2020-03-25 10:39:18
2020-03-25 10:39:19,740112.0,740232.0,2020-03-25 10:39:19
2020-03-25 10:39:20,740112.0,740232.0,2020-03-25 10:39:20
2020-03-25 10:39:21,740043.0,740239.0,2020-03-25 10:39:21
2020-03-25 10:39:22,740043.0,740239.0,2020-03-25 10:39:22
2020-03-25 10:39:23,740005.0,740168.0,2020-03-25 10:39:23
2020-03-25 10:39:24,740005.0,740168.0,2020-03-25 10:39:24
2020-03-25 10:39:25,740013.0,740168.0,2020-03-25 10:39:25
2020-03-25 10:39:26,740013.0,740168.0,2020-03-25 10:39:26
2020-03-25 10:39:28,739999.0,740148.0,2020-03-25 10:39:27
2020-03-25 10:39:29,739999.0,740148.0,2020-03-25 10:39:29
2020-03-25 10:39:30,740090.0,740341.0,2020-03-25 10:39:30
2020-03-25 10:39:31,740090.0,740341.0,2020-03-25 10:39:31
2020-03-25 10:39:32,740298.0,740587.0,2020-03-25 10:39:32
2020-03-25 10:39:33,740298.0,740587.0,2020-03-25 10:39:33
2020-03-25 10:39:34,740695.0,740863.0,2020-03-25 10:39:34
2020-03-25 10:39:35,740695.0,740863.0,2020-03-25 10:39:35
2020-03-25 10:39:36,740867.0,740928.0,2020-03-25 10:39:36
2020-03-25 10:39:37,740867.0,740928.0,2020-03-25 10:39:37
2020-03-25 10:39:38,740866.0,740923.0,2020-03-25 10:39:38
2020-03-25 10:39:39,740866.0,740923.0,2020-03-25 10:39:39
2020-03-25 10:39:40,740870.0,740917.0,2020-03-25 10:39:40
2020-03-25 10:39:41,740870.0,740917.0,2020-03-25 10:39:41
2020-03-25 10:39:42,740657.0,740917.0,2020-03-25 10:39:42
2020-03-25 10:39:43,740657.0,740917.0,2020-03-25 10:39:43
2020-03-25 10:39:44,740821.0,740863.0,2020-03-25 10:39:44
2020-03-25 10:39:45,740821.0,740863.0,2020-03-25 10:39:45
2020-03-25 10:39:47,740628.0,740863.0,2020-03-25 10:39:46
2020-03-25 10:39:48,740628.0,740863.0,2020-03-25 10:39:48
2020-03-25 10:39:49,740593.0,740599.0,2020-03-25 10:39:49
2020-03-25 10:39:50,740490.0,740774.0,2020-03-25 10:39:50
2020-03-25 10:39:51,740490.0,740774.0,2020-03-25 10:39:51
2020-03-25 10:39:52,740490.0,740722.0,2020-03-25 10:39:52
2020-03-25 10:39:53,740490.0,740722.0,2020-03-25 10:39:53
2020-03-25 10:39:54,740490.0,740672.0,2020-03-25 10:39:54
2020-03-25 10:39:55,740490.0,740672.0,2020-03-25 10:39:55
2020-03-25 10:39:56,740491.0,740815.0,2020-03-25 10:39:56
2020-03-25 10:39:57,740491.0,740815.0,2020-03-25 10:39:57
2020-03-25 10:39:58,740529.0,740815.0,2020-03-25 10:39:58
2020-03-25 10:39:59,740529.0,740815.0,2020-03-25 10:39:59
2020-03-25 10:40:00,740681.0,740815.0,2020-03-25 10:40:00
2020-03-25 10:40:01,740681.0,740815.0,2020-03-25 10:40:01
2020-03-25 10:40:02,740696.0,740815.0,2020-03-25 10:40:02
2020-03-25 10:40:04,740696.0,740815.0,2020-03-25 10:40:03
2020-03-25 10:40:05,740719.0,740815.0,2020-03-25 10:40:05
2020-03-25 10:40:06,740719.0,740815.0,2020-03-25 10:40:06
2020-03-25 10:40:07,740719.0,740815.0,2020-03-25 10:40:07
2020-03-25 10:40:08,740719.0,740815.0,2020-03-25 10:40:08
2020-03-25 10:40:09,740712.0,740815.0,2020-03-25 10:40:09
2020-03-25 10:40:10,740712.0,740815.0,2020-03-25 10:40:10
2020-03-25 10:40:11,740696.0,740815.0,2020-03-25 10:40:11
2020-03-25 10:40:12,740696.0,740815.0,2020-03-25 10:40:12
2020-03-25 10:40:13,740709.0,740858.0,2020-03-25 10:40:13
2020-03-25 10:40:14,740709.0,740858.0,2020-03-25 10:40:14
2020-03-25 10:40:15,740709.0,740863.0,2020-03-25 10:40:15
2020-03-25 10:40:16,740709.0,740863.0,2020-03-25 10:40:16
2020-03-25 10:40:17,740709.0,740863.0,2020-03-25 10:40:17
2020-03-25 10:40:18,740709.0,740863.0,2020-03-25 10:40:18
2020-03-25 10:40:20,740919.0,740990.0,2020-03-25 10:40:19
2020-03-25 10:40:21,740919.0,740990.0,2020-03-25 10:40:21
2020-03-25 10:40:22,740972.0,741215.0,2020-03-25 10:40:22
2020-03-25 10:40:23,740972.0,741215.0,2020-03-25 10:40:23
2020-03-25 10:40:24,740977.0,741215.0,2020-03-25 10:40:24
2020-03-25 10:40:25,740977.0,741215.0,2020-03-25 10:40:25
2020-03-25 10:40:26,741402.0,741439.0,2020-03-25 10:40:26
2020-03-25 10:40:27,741402.0,741439.0,2020-03-25 10:40:27
2020-03-25 10:40:28,741245.0,741753.0,2020-03-25 10:40:28
2020-03-25 10:40:29,741245.0,741753.0,2020-03-25 10:40:29
2020-03-25 10:40:30,741688.0,741719.0,2020-03-25 10:40:30
2020-03-25 10:40:31,741688.0,741719.0,2020-03-25 10:40:31
2020-03-25 10:40:32,741724.0,741753.0,2020-03-25 10:40:32
2020-03-25 10:40:33,741724.0,741753.0,2020-03-25 10:40:33
2020-03-25 10:40:34,742007.0,742082.0,2020-03-25 10:40:34
2020-03-25 10:40:35,742007.0,742082.0,2020-03-25 10:40:35
2020-03-25 10:40:36,742044.0,742082.0,2020-03-25 10:40:36
2020-03-25 10:40:37,742044.0,742082.0,2020-03-25 10:40:37
2020-03-25 10:40:38,741975.0,742032.0,2020-03-25 10:40:38
2020-03-25 10:40:40,741975.0,742032.0,2020-03-25 10:40:39
2020-03-25 10:40:41,741975.0,742032.0,2020-03-25 10:40:41
2020-03-25 10:40:42,741975.0,742032.0,2020-03-25 10:40:42
2020-03-25 10:40:43,741975.0,742032.0,2020-03-25 10:40:43
2020-03-25 10:40:44,741975.0,742032.0,2020-03-25 10:40:44
2020-03-25 10:40:45,741727.0,741769.0,2020-03-25 10:40:45
2020-03-25 10:40:46,741727.0,741769.0,2020-03-25 10:40:46
2020-03-25 10:40:47,741652.0,741975.0,2020-03-25 10:40:47
2020-03-25 10:40:48,741652.0,741975.0,2020-03-25 10:40:48
2020-03-25 10:40:49,741834.0,741975.0,2020-03-25 10:40:49
2020-03-25 10:40:50,741834.0,741975.0,2020-03-25 10:40:50
2020-03-25 10:40:51,741969.0,742025.0,2020-03-25 10:40:51
2020-03-25 10:40:52,741969.0,742025.0,2020-03-25 10:40:52
2020-03-25 10:40:53,741737.0,742024.0,2020-03-25 10:40:53
2020-03-25 10:40:54,741737.0,742024.0,2020-03-25 10:40:54
2020-03-25 10:40:55,742035.0,742113.0,2020-03-25 10:40:55
2020-03-25 10:40:56,742035.0,742113.0,2020-03-25 10:40:56
2020-03-25 10:40:58,742036.0,742114.0,2020-03-25 10:40:57
2020-03-25 10:40:59,742036.0,742114.0,2020-03-25 10:40:59
2020-03-25 10:41:00,741756.0,741880.0,2020-03-25 10:41:00
2020-03-25 10:41:01,741756.0,741880.0,2020-03-25 10:41:01
2020-03-25 10:41:02,741750.0,741780.0,2020-03-25 10:41:02
2020-03-25 10:41:03,741750.0,741780.0,2020-03-25 10:41:03
2020-03-25 10:41:04,741529.0,741780.0,2020-03-25 10:41:04
2020-03-25 10:41:05,741529.0,741780.0,2020-03-25 10:41:05
2020-03-25 10:41:06,741521.0,741767.0,2020-03-25 10:41:06
2020-03-25 10:41:07,741521.0,741767.0,2020-03-25 10:41:07
2020-03-25 10:41:08,741521.0,741717.0,2020-03-25 10:41:08
2020-03-25 10:41:09,741521.0,741717.0,2020-03-25 10:41:09
2020-03-25 10:41:10,741521.0,741717.0,2020-03-25 10:41:10
2020-03-25 10:41:11,741521.0,741717.0,2020-03-25 10:41:11
2020-03-25 10:41:12,741463.0,741501.0,2020-03-25 10:41:12
2020-03-25 10:41:13,741463.0,741501.0,2020-03-25 10:41:13
2020-03-25 10:41:14,741575.0,741668.0,2020-03-25 10:41:14
2020-03-25 10:41:16,741575.0,741668.0,2020-03-25 10:41:15
2020-03-25 10:41:17,741378.0,741669.0,2020-03-25 10:41:17
2020-03-25 10:41:18,741378.0,741669.0,2020-03-25 10:41:18
2020-03-25 10:41:19,741692.0,741700.0,2020-03-25 10:41:19
2020-03-25 10:41:20,741692.0,741700.0,2020-03-25 10:41:20
2020-03-25 10:41:21,741731.0,741872.0,2020-03-25 10:41:21
2020-03-25 10:41:22,741731.0,741872.0,2020-03-25 10:41:22
2020-03-25 10:41:23,741871.0,741934.0,2020-03-25 10:41:23
2020-03-25 10:41:24,741871.0,741934.0,2020-03-25 10:41:24
2020-03-25 10:41:25,741674.0,741934.0,2020-03-25 10:41:25
2020-03-25 10:41:26,741674.0,741934.0,2020-03-25 10:41:26
2020-03-25 10:41:27,741539.0,741770.0,2020-03-25 10:41:27
2020-03-25 10:41:28,741539.0,741770.0,2020-03-25 10:41:28
2020-03-25 10:41:29,741505.0,741703.0,2020-03-25 10:41:29
2020-03-25 10:41:30,741505.0,741703.0,2020-03-25 10:41:30
2020-03-25 10:41:31,741500.0,741815.0,2020-03-25 10:41:31
2020-03-25 10:41:32,741500.0,741815.0,2020-03-25 10:41:32
2020-03-25 10:41:33,741656.0,741704.0,2020-03-25 10:41:33
2020-03-25 10:41:35,741715.0,741983.0,2020-03-25 10:41:34
2020-03-25 10:41:36,741715.0,741983.0,2020-03-25 10:41:36
2020-03-25 10:41:37,741964.0,742191.0,2020-03-25 10:41:37
2020-03-25 10:41:38,741964.0,742191.0,2020-03-25 10:41:38
2020-03-25 10:41:39,741965.0,742191.0,2020-03-25 10:41:39
2020-03-25 10:41:40,741965.0,742191.0,2020-03-25 10:41:40
2020-03-25 10:41:41,741965.0,742191.0,2020-03-25 10:41:41
2020-03-25 10:41:42,741965.0,742191.0,2020-03-25 10:41:42
2020-03-25 10:41:43,741965.0,742191.0,2020-03-25 10:41:43
2020-03-25 10:41:44,741965.0,742191.0,2020-03-25 10:41:44
2020-03-25 10:41:45,741871.0,742013.0,2020-03-25 10:41:45
2020-03-25 10:41:46,741871.0,742013.0,2020-03-25 10:41:46
2020-03-25 10:41:47,741846.0,741963.0,2020-03-25 10:41:47
2020-03-25 10:41:48,741846.0,741963.0,2020-03-25 10:41:48
2020-03-25 10:41:49,741860.0,741963.0,2020-03-25 10:41:49
2020-03-25 10:41:51,741860.0,741963.0,2020-03-25 10:41:50
2020-03-25 10:41:52,741874.0,742110.0,2020-03-25 10:41:52
2020-03-25 10:41:53,741874.0,742110.0,2020-03-25 10:41:53
2020-03-25 10:41:54,741944.0,742182.0,2020-03-25 10:41:54
2020-03-25 10:41:55,741944.0,742182.0,2020-03-25 10:41:55
2020-03-25 10:41:56,741944.0,742182.0,2020-03-25 10:41:56
2020-03-25 10:41:57,741944.0,742182.0,2020-03-25 10:41:57
2020-03-25 10:41:58,741881.0,742250.0,2020-03-25 10:41:58
2020-03-25 10:41:59,741881.0,742250.0,2020-03-25 10:41:59
2020-03-25 10:42:00,742250.0,742279.0,2020-03-25 10:42:00
2020-03-25 10:42:01,742250.0,742279.0,2020-03-25 10:42:01
2020-03-25 10:42:02,742176.0,742229.0,2020-03-25 10:42:02
2020-03-25 10:42:03,742176.0,742229.0,2020-03-25 10:42:03
2020-03-25 10:42:05,742087.0,742162.0,2020-03-25 10:42:04
2020-03-25 10:42:06,742087.0,742162.0,2020-03-25 10:42:06
2020-03-25 10:42:07,742000.0,742108.0,2020-03-25 10:42:07
2020-03-25 10:42:08,742000.0,742108.0,2020-03-25 10:42:08
2020-03-25 10:42:09,742107.0,742349.0,2020-03-25 10:42:09
2020-03-25 10:42:10,742107.0,742349.0,2020-03-25 10:42:10
2020-03-25 10:42:11,742107.0,742349.0,2020-03-25 10:42:11
2020-03-25 10:42:12,742107.0,742349.0,2020-03-25 10:42:12
2020-03-25 10:42:13,742019.0,742190.0,2020-03-25 10:42:13
2020-03-25 10:42:14,742019.0,742190.0,2020-03-25 10:42:14
2020-03-25 10:42:15,741939.0,742000.0,2020-03-25 10:42:15
2020-03-25 10:42:16,741939.0,742000.0,2020-03-25 10:42:16
2020-03-25 10:42:17,741735.0,741805.0,2020-03-25 10:42:17
2020-03-25 10:42:18,741735.0,741805.0,2020-03-25 10:42:18
2020-03-25 10:42:19,741908.0,741930.0,2020-03-25 10:42:19
2020-03-25 10:42:20,741908.0,741930.0,2020-03-25 10:42:20
2020-03-25 10:42:22,741802.0,741880.0,2020-03-25 10:42:21
2020-03-25 10:42:23,741802.0,741880.0,2020-03-25 10:42:23
2020-03-25 10:42:24,741931.0,742128.0,2020-03-25 10:42:24
2020-03-25 10:42:25,741931.0,742128.0,2020-03-25 10:42:25
2020-03-25 10:42:26,741981.0,742074.0,2020-03-25 10:42:26
2020-03-25 10:42:27,741981.0,742074.0,2020-03-25 10:42:27
2020-03-25 10:42:28,741981.0,742080.0,2020-03-25 10:42:28
2020-03-25 10:42:29,741981.0,742080.0,2020-03-25 10:42:29
2020-03-25 10:42:30,741801.0,741976.0,2020-03-25 10:42:30
2020-03-25 10:42:31,741801.0,741976.0,2020-03-25 10:42:31
2020-03-25 10:42:32,741891.0,741976.0,2020-03-25 10:42:32
2020-03-25 10:42:33,741891.0,741976.0,2020-03-25 10:42:33
2020-03-25 10:42:34,741600.0,741732.0,2020-03-25 10:42:34
2020-03-25 10:42:35,741600.0,741732.0,2020-03-25 10:42:35
2020-03-25 10:42:36,741579.0,741677.0,2020-03-25 10:42:36
2020-03-25 10:42:37,741579.0,741677.0,2020-03-25 10:42:37
2020-03-25 10:42:38,741440.0,741441.0,2020-03-25 10:42:38
2020-03-25 10:42:40,741440.0,741441.0,2020-03-25 10:42:39
2020-03-25 10:42:41,741386.0,741442.0,2020-03-25 10:42:41
2020-03-25 10:42:42,741386.0,741442.0,2020-03-25 10:42:42
2020-03-25 10:42:43,741386.0,741442.0,2020-03-25 10:42:43
2020-03-25 10:42:47,741272.0,741423.0,2020-03-25 10:42:44
2020-03-25 10:42:48,741272.0,741423.0,2020-03-25 10:42:48
2020-03-25 10:42:49,741270.0,741680.0,2020-03-25 10:42:49
2020-03-25 10:42:50,741270.0,741680.0,2020-03-25 10:42:50
2020-03-25 10:42:51,741351.0,741740.0,2020-03-25 10:42:51
2020-03-25 10:42:53,741351.0,741740.0,2020-03-25 10:42:52
2020-03-25 10:42:54,741351.0,741740.0,2020-03-25 10:42:54
2020-03-25 10:42:55,741351.0,741740.0,2020-03-25 10:42:55
2020-03-25 10:42:56,741351.0,741735.0,2020-03-25 10:42:56
2020-03-25 10:42:57,741351.0,741735.0,2020-03-25 10:42:57
2020-03-25 10:42:58,741316.0,741414.0,2020-03-25 10:42:58
2020-03-25 10:42:59,741316.0,741413.0,2020-03-25 10:42:59
2020-03-25 10:43:00,741316.0,741362.0,2020-03-25 10:43:00
2020-03-25 10:43:01,741316.0,741362.0,2020-03-25 10:43:01
2020-03-25 10:43:02,741270.0,741312.0,2020-03-25 10:43:02
2020-03-25 10:43:03,741270.0,741312.0,2020-03-25 10:43:03
2020-03-25 10:43:04,741205.0,741312.0,2020-03-25 10:43:04
2020-03-25 10:43:05,741205.0,741312.0,2020-03-25 10:43:05
2020-03-25 10:43:06,741155.0,741297.0,2020-03-25 10:43:06
2020-03-25 10:43:07,741155.0,741297.0,2020-03-25 10:43:07
2020-03-25 10:43:08,741016.0,741296.0,2020-03-25 10:43:08
2020-03-25 10:43:09,741016.0,741296.0,2020-03-25 10:43:09
2020-03-25 10:43:10,741016.0,741280.0,2020-03-25 10:43:10
2020-03-25 10:43:12,741016.0,741280.0,2020-03-25 10:43:11
2020-03-25 10:43:13,741016.0,741280.0,2020-03-25 10:43:13
2020-03-25 10:43:14,741016.0,741280.0,2020-03-25 10:43:14
2020-03-25 10:43:15,741016.0,741280.0,2020-03-25 10:43:15
2020-03-25 10:43:16,741016.0,741280.0,2020-03-25 10:43:16
2020-03-25 10:43:17,741047.0,741219.0,2020-03-25 10:43:17
2020-03-25 10:43:18,741047.0,741219.0,2020-03-25 10:43:18
2020-03-25 10:43:19,741047.0,741214.0,2020-03-25 10:43:19
2020-03-25 10:43:20,741047.0,741214.0,2020-03-25 10:43:20
2020-03-25 10:43:21,741050.0,741308.0,2020-03-25 10:43:21
2020-03-25 10:43:22,741050.0,741308.0,2020-03-25 10:43:22
2020-03-25 10:43:23,740843.0,741013.0,2020-03-25 10:43:23
2020-03-25 10:43:24,740843.0,741013.0,2020-03-25 10:43:24
2020-03-25 10:43:25,740939.0,741004.0,2020-03-25 10:43:25
2020-03-25 10:43:26,740939.0,741004.0,2020-03-25 10:43:26
2020-03-25 10:43:27,740939.0,741004.0,2020-03-25 10:43:27
2020-03-25 10:43:28,740939.0,741004.0,2020-03-25 10:43:28
2020-03-25 10:43:29,740632.0,740837.0,2020-03-25 10:43:29
2020-03-25 10:43:30,740632.0,740837.0,2020-03-25 10:43:30
2020-03-25 10:43:32,740535.0,740722.0,2020-03-25 10:43:31
2020-03-25 10:43:33,740535.0,740722.0,2020-03-25 10:43:33
2020-03-25 10:43:34,740530.0,740655.0,2020-03-25 10:43:34
2020-03-25 10:43:35,740530.0,740655.0,2020-03-25 10:43:35
2020-03-25 10:43:36,740530.0,740655.0,2020-03-25 10:43:36
2020-03-25 10:43:37,740530.0,740655.0,2020-03-25 10:43:37
2020-03-25 10:43:38,740530.0,740788.0,2020-03-25 10:43:38
2020-03-25 10:43:39,740530.0,740788.0,2020-03-25 10:43:39
2020-03-25 10:43:40,740700.0,740795.0,2020-03-25 10:43:40
2020-03-25 10:43:41,740700.0,740795.0,2020-03-25 10:43:41
2020-03-25 10:43:42,740700.0,740830.0,2020-03-25 10:43:42
2020-03-25 10:43:43,740700.0,740830.0,2020-03-25 10:43:43
2020-03-25 10:43:44,740700.0,740830.0,2020-03-25 10:43:44
2020-03-25 10:43:45,740700.0,740830.0,2020-03-25 10:43:45
2020-03-25 10:43:46,740500.0,740740.0,2020-03-25 10:43:46
2020-03-25 10:43:47,740500.0,740740.0,2020-03-25 10:43:47
2020-03-25 10:43:48,740505.0,740581.0,2020-03-25 10:43:48
2020-03-25 10:43:49,740505.0,740581.0,2020-03-25 10:43:49
2020-03-25 10:43:51,740505.0,740740.0,2020-03-25 10:43:50
2020-03-25 10:43:52,740505.0,740740.0,2020-03-25 10:43:52
2020-03-25 10:43:53,740505.0,740740.0,2020-03-25 10:43:53
2020-03-25 10:43:54,740505.0,740740.0,2020-03-25 10:43:54
2020-03-25 10:43:55,740500.0,740740.0,2020-03-25 10:43:55
2020-03-25 10:43:56,740500.0,740740.0,2020-03-25 10:43:56
2020-03-25 10:43:57,740500.0,740735.0,2020-03-25 10:43:57
2020-03-25 10:43:58,740500.0,740735.0,2020-03-25 10:43:58
2020-03-25 10:43:59,740500.0,740684.0,2020-03-25 10:43:59
2020-03-25 10:44:00,740500.0,740684.0,2020-03-25 10:44:00
2020-03-25 10:44:01,740500.0,740684.0,2020-03-25 10:44:01
2020-03-25 10:44:02,740500.0,740684.0,2020-03-25 10:44:02
2020-03-25 10:44:03,740640.0,740717.0,2020-03-25 10:44:03
2020-03-25 10:44:04,740640.0,740717.0,2020-03-25 10:44:04
2020-03-25 10:44:05,740566.0,740720.0,2020-03-25 10:44:05
2020-03-25 10:44:06,740566.0,740720.0,2020-03-25 10:44:06
2020-03-25 10:44:07,740582.0,740740.0,2020-03-25 10:44:07
2020-03-25 10:44:08,740582.0,740740.0,2020-03-25 10:44:08
2020-03-25 10:44:09,740761.0,740776.0,2020-03-25 10:44:09
2020-03-25 10:44:11,740761.0,740776.0,2020-03-25 10:44:10
2020-03-25 10:44:12,740597.0,740782.0,2020-03-25 10:44:12
2020-03-25 10:44:13,740597.0,740782.0,2020-03-25 10:44:13
2020-03-25 10:44:14,740478.0,740597.0,2020-03-25 10:44:14
2020-03-25 10:44:15,740478.0,740597.0,2020-03-25 10:44:15
2020-03-25 10:44:16,740366.0,740593.0,2020-03-25 10:44:16
2020-03-25 10:44:17,740366.0,740593.0,2020-03-25 10:44:17
2020-03-25 10:44:18,740323.0,740465.0,2020-03-25 10:44:18
2020-03-25 10:44:19,740323.0,740465.0,2020-03-25 10:44:19
2020-03-25 10:44:20,740521.0,740597.0,2020-03-25 10:44:20
2020-03-25 10:44:21,740521.0,740597.0,2020-03-25 10:44:21
2020-03-25 10:44:22,740521.0,740597.0,2020-03-25 10:44:22
2020-03-25 10:44:24,740521.0,740597.0,2020-03-25 10:44:23
2020-03-25 10:44:25,740521.0,740597.0,2020-03-25 10:44:25
2020-03-25 10:44:26,740521.0,740597.0,2020-03-25 10:44:26
2020-03-25 10:44:27,740317.0,740574.0,2020-03-25 10:44:27
2020-03-25 10:44:28,740317.0,740574.0,2020-03-25 10:44:28
2020-03-25 10:44:29,740478.0,740636.0,2020-03-25 10:44:29
2020-03-25 10:44:30,740478.0,740636.0,2020-03-25 10:44:30
2020-03-25 10:44:31,740496.0,740740.0,2020-03-25 10:44:31
2020-03-25 10:44:32,740496.0,740740.0,2020-03-25 10:44:32
2020-03-25 10:44:33,740524.0,740740.0,2020-03-25 10:44:33
2020-03-25 10:44:34,740524.0,740740.0,2020-03-25 10:44:34
2020-03-25 10:44:35,740509.0,740740.0,2020-03-25 10:44:35
2020-03-25 10:44:36,740509.0,740740.0,2020-03-25 10:44:36
2020-03-25 10:44:37,740518.0,740861.0,2020-03-25 10:44:37
2020-03-25 10:44:38,740518.0,740861.0,2020-03-25 10:44:38
2020-03-25 10:44:39,740519.0,740861.0,2020-03-25 10:44:39
2020-03-25 10:44:40,740519.0,740861.0,2020-03-25 10:44:40
2020-03-25 10:44:41,741059.0,741241.0,2020-03-25 10:44:41
2020-03-25 10:44:43,741059.0,741241.0,2020-03-25 10:44:42
2020-03-25 10:44:44,741333.0,741366.0,2020-03-25 10:44:44
2020-03-25 10:44:45,741333.0,741366.0,2020-03-25 10:44:45
2020-03-25 10:44:46,741336.0,741385.0,2020-03-25 10:44:46
2020-03-25 10:44:47,741336.0,741385.0,2020-03-25 10:44:47
2020-03-25 10:44:48,741304.0,741444.0,2020-03-25 10:44:48
2020-03-25 10:44:49,741304.0,741444.0,2020-03-25 10:44:49
2020-03-25 10:44:50,741030.0,741275.0,2020-03-25 10:44:50
2020-03-25 10:44:51,741030.0,741275.0,2020-03-25 10:44:51
2020-03-25 10:44:52,740991.0,741036.0,2020-03-25 10:44:52
2020-03-25 10:44:53,740991.0,741036.0,2020-03-25 10:44:53
2020-03-25 10:44:54,740965.0,741029.0,2020-03-25 10:44:54
2020-03-25 10:44:55,740965.0,741029.0,2020-03-25 10:44:55
2020-03-25 10:44:56,740810.0,741240.0,2020-03-25 10:44:56
2020-03-25 10:44:57,740810.0,741240.0,2020-03-25 10:44:57
2020-03-25 10:44:58,740857.0,740987.0,2020-03-25 10:44:58
2020-03-25 10:44:59,740857.0,740987.0,2020-03-25 10:44:59
2020-03-25 10:45:01,740857.0,740996.0,2020-03-25 10:45:00
2020-03-25 10:45:02,740857.0,740996.0,2020-03-25 10:45:02
2020-03-25 10:45:03,740739.0,740946.0,2020-03-25 10:45:03
2020-03-25 10:45:04,740739.0,740946.0,2020-03-25 10:45:04
2020-03-25 10:45:05,740738.0,740946.0,2020-03-25 10:45:05
2020-03-25 10:45:06,740738.0,740946.0,2020-03-25 10:45:06
2020-03-25 10:45:07,740688.0,740946.0,2020-03-25 10:45:07
2020-03-25 10:45:08,740688.0,740946.0,2020-03-25 10:45:08
2020-03-25 10:45:09,740537.0,740897.0,2020-03-25 10:45:09
2020-03-25 10:45:10,740537.0,740897.0,2020-03-25 10:45:10
2020-03-25 10:45:11,740648.0,740847.0,2020-03-25 10:45:11
2020-03-25 10:45:12,740648.0,740847.0,2020-03-25 10:45:12
2020-03-25 10:45:13,740512.0,740863.0,2020-03-25 10:45:13
2020-03-25 10:45:14,740613.0,740863.0,2020-03-25 10:45:14
2020-03-25 10:45:15,740613.0,740863.0,2020-03-25 10:45:15
2020-03-25 10:45:16,740522.0,740835.0,2020-03-25 10:45:16
2020-03-25 10:45:17,740522.0,740835.0,2020-03-25 10:45:17
2020-03-25 10:45:19,740590.0,740946.0,2020-03-25 10:45:18
2020-03-25 10:45:20,740590.0,740946.0,2020-03-25 10:45:20
2020-03-25 10:45:21,740490.0,740816.0,2020-03-25 10:45:21
2020-03-25 10:45:22,740490.0,740816.0,2020-03-25 10:45:22
2020-03-25 10:45:23,740407.0,740523.0,2020-03-25 10:45:23
2020-03-25 10:45:24,740407.0,740523.0,2020-03-25 10:45:24
2020-03-25 10:45:25,740443.0,740698.0,2020-03-25 10:45:25
2020-03-25 10:45:26,740443.0,740698.0,2020-03-25 10:45:26
2020-03-25 10:45:28,740408.0,740644.0,2020-03-25 10:45:27
2020-03-25 10:45:29,740408.0,740644.0,2020-03-25 10:45:29
2020-03-25 10:45:30,740497.0,740599.0,2020-03-25 10:45:30
2020-03-25 10:45:31,740497.0,740599.0,2020-03-25 10:45:31
2020-03-25 10:45:32,740577.0,740599.0,2020-03-25 10:45:32
2020-03-25 10:45:33,740577.0,740599.0,2020-03-25 10:45:33
2020-03-25 10:45:34,740578.0,740690.0,2020-03-25 10:45:34
2020-03-25 10:45:35,740578.0,740690.0,2020-03-25 10:45:35
2020-03-25 10:45:36,740407.0,740425.0,2020-03-25 10:45:36
2020-03-25 10:45:37,740407.0,740425.0,2020-03-25 10:45:37
2020-03-25 10:45:38,740464.0,740640.0,2020-03-25 10:45:38
2020-03-25 10:45:39,740464.0,740640.0,2020-03-25 10:45:39
2020-03-25 10:45:40,740514.0,740653.0,2020-03-25 10:45:40
2020-03-25 10:45:41,740514.0,740653.0,2020-03-25 10:45:41
2020-03-25 10:45:42,740457.0,740653.0,2020-03-25 10:45:42
2020-03-25 10:45:43,740457.0,740653.0,2020-03-25 10:45:43
2020-03-25 10:45:44,740476.0,740642.0,2020-03-25 10:45:44
2020-03-25 10:45:45,740476.0,740642.0,2020-03-25 10:45:45
2020-03-25 10:45:46,740618.0,740690.0,2020-03-25 10:45:46
2020-03-25 10:45:48,740618.0,740690.0,2020-03-25 10:45:47
2020-03-25 10:45:49,740346.0,740615.0,2020-03-25 10:45:49
2020-03-25 10:45:50,740346.0,740615.0,2020-03-25 10:45:50
2020-03-25 10:45:51,740619.0,740687.0,2020-03-25 10:45:51
2020-03-25 10:45:52,740619.0,740687.0,2020-03-25 10:45:52
2020-03-25 10:45:53,740484.0,740676.0,2020-03-25 10:45:53
2020-03-25 10:45:54,740484.0,740676.0,2020-03-25 10:45:54
2020-03-25 10:45:55,740362.0,740671.0,2020-03-25 10:45:55
2020-03-25 10:45:56,740362.0,740671.0,2020-03-25 10:45:56
2020-03-25 10:45:57,740382.0,740671.0,2020-03-25 10:45:57
2020-03-25 10:45:58,740382.0,740671.0,2020-03-25 10:45:58
2020-03-25 10:45:59,740685.0,740740.0,2020-03-25 10:45:59
2020-03-25 10:46:00,740685.0,740740.0,2020-03-25 10:46:00
2020-03-25 10:46:01,740354.0,740590.0,2020-03-25 10:46:01
2020-03-25 10:46:02,740354.0,740590.0,2020-03-25 10:46:02
2020-03-25 10:46:03,740412.0,740516.0,2020-03-25 10:46:03
2020-03-25 10:46:04,740412.0,740516.0,2020-03-25 10:46:04
2020-03-25 10:46:05,740412.0,740516.0,2020-03-25 10:46:05
2020-03-25 10:46:07,740412.0,740516.0,2020-03-25 10:46:06
2020-03-25 10:46:08,740490.0,740774.0,2020-03-25 10:46:08
2020-03-25 10:46:09,740228.0,740724.0,2020-03-25 10:46:09
2020-03-25 10:46:10,740228.0,740724.0,2020-03-25 10:46:10
2020-03-25 10:46:11,740266.0,740285.0,2020-03-25 10:46:11
2020-03-25 10:46:12,740266.0,740285.0,2020-03-25 10:46:12
2020-03-25 10:46:13,740024.0,740115.0,2020-03-25 10:46:13
2020-03-25 10:46:14,740024.0,740115.0,2020-03-25 10:46:14
2020-03-25 10:46:15,740024.0,740068.0,2020-03-25 10:46:15
2020-03-25 10:46:16,740024.0,740068.0,2020-03-25 10:46:16
2020-03-25 10:46:17,740063.0,740229.0,2020-03-25 10:46:17
2020-03-25 10:46:18,740063.0,740229.0,2020-03-25 10:46:18
2020-03-25 10:46:20,740083.0,740250.0,2020-03-25 10:46:19
2020-03-25 10:46:21,740083.0,740250.0,2020-03-25 10:46:21
2020-03-25 10:46:22,740187.0,740304.0,2020-03-25 10:46:22
2020-03-25 10:46:23,740187.0,740304.0,2020-03-25 10:46:23
2020-03-25 10:46:24,740188.0,740344.0,2020-03-25 10:46:24
2020-03-25 10:46:25,740188.0,740344.0,2020-03-25 10:46:25
2020-03-25 10:46:26,740165.0,740240.0,2020-03-25 10:46:26
2020-03-25 10:46:27,740165.0,740240.0,2020-03-25 10:46:27
2020-03-25 10:46:28,740165.0,740240.0,2020-03-25 10:46:28
2020-03-25 10:46:29,740165.0,740240.0,2020-03-25 10:46:29
2020-03-25 10:46:30,740165.0,740389.0,2020-03-25 10:46:30
2020-03-25 10:46:31,740165.0,740389.0,2020-03-25 10:46:31
2020-03-25 10:46:32,740104.0,740348.0,2020-03-25 10:46:32
2020-03-25 10:46:33,740104.0,740348.0,2020-03-25 10:46:33
2020-03-25 10:46:34,740086.0,740348.0,2020-03-25 10:46:34
2020-03-25 10:46:36,740086.0,740348.0,2020-03-25 10:46:35
2020-03-25 10:46:37,740155.0,740348.0,2020-03-25 10:46:37
2020-03-25 10:46:38,740155.0,740348.0,2020-03-25 10:46:38
2020-03-25 10:46:39,740212.0,740219.0,2020-03-25 10:46:39
2020-03-25 10:46:40,740212.0,740219.0,2020-03-25 10:46:40
2020-03-25 10:46:41,740303.0,740573.0,2020-03-25 10:46:41
2020-03-25 10:46:42,740303.0,740573.0,2020-03-25 10:46:42
2020-03-25 10:46:43,740679.0,740777.0,2020-03-25 10:46:43
2020-03-25 10:46:44,740679.0,740777.0,2020-03-25 10:46:44
2020-03-25 10:46:45,740812.0,741016.0,2020-03-25 10:46:45
2020-03-25 10:46:46,740812.0,741016.0,2020-03-25 10:46:46
2020-03-25 10:46:47,740884.0,741246.0,2020-03-25 10:46:47
2020-03-25 10:46:48,740884.0,741246.0,2020-03-25 10:46:48
2020-03-25 10:46:49,740937.0,741250.0,2020-03-25 10:46:49
2020-03-25 10:46:50,740937.0,741250.0,2020-03-25 10:46:50
2020-03-25 10:46:51,740833.0,740980.0,2020-03-25 10:46:51
2020-03-25 10:46:52,740833.0,740980.0,2020-03-25 10:46:52
2020-03-25 10:46:53,740872.0,741081.0,2020-03-25 10:46:53
2020-03-25 10:46:55,740872.0,741081.0,2020-03-25 10:46:54
2020-03-25 10:46:56,740873.0,741054.0,2020-03-25 10:46:56
2020-03-25 10:46:57,740873.0,741054.0,2020-03-25 10:46:57
2020-03-25 10:46:58,740882.0,741061.0,2020-03-25 10:46:58
2020-03-25 10:46:59,740882.0,741061.0,2020-03-25 10:46:59
2020-03-25 10:47:00,741071.0,741222.0,2020-03-25 10:47:00
2020-03-25 10:47:01,741071.0,741222.0,2020-03-25 10:47:01
2020-03-25 10:47:02,741071.0,741222.0,2020-03-25 10:47:02
2020-03-25 10:47:03,741071.0,741222.0,2020-03-25 10:47:03
2020-03-25 10:47:04,740896.0,740970.0,2020-03-25 10:47:04
2020-03-25 10:47:05,740896.0,740970.0,2020-03-25 10:47:05
2020-03-25 10:47:06,741077.0,741173.0,2020-03-25 10:47:06
2020-03-25 10:47:07,741077.0,741173.0,2020-03-25 10:47:07
2020-03-25 10:47:08,741038.0,741073.0,2020-03-25 10:47:08
2020-03-25 10:47:09,741038.0,741073.0,2020-03-25 10:47:09
2020-03-25 10:47:10,741020.0,741279.0,2020-03-25 10:47:10
2020-03-25 10:47:12,741020.0,741279.0,2020-03-25 10:47:11
2020-03-25 10:47:13,741337.0,741388.0,2020-03-25 10:47:13
2020-03-25 10:47:14,741257.0,741338.0,2020-03-25 10:47:14
2020-03-25 10:47:15,741257.0,741338.0,2020-03-25 10:47:15
2020-03-25 10:47:16,741377.0,741388.0,2020-03-25 10:47:16
2020-03-25 10:47:17,741377.0,741388.0,2020-03-25 10:47:17
2020-03-25 10:47:18,741377.0,741490.0,2020-03-25 10:47:18
2020-03-25 10:47:19,741377.0,741490.0,2020-03-25 10:47:19
2020-03-25 10:47:21,741389.0,741493.0,2020-03-25 10:47:20
2020-03-25 10:47:22,741389.0,741493.0,2020-03-25 10:47:22
2020-03-25 10:47:23,741406.0,741678.0,2020-03-25 10:47:23
2020-03-25 10:47:24,741406.0,741678.0,2020-03-25 10:47:24
2020-03-25 10:47:25,741406.0,741673.0,2020-03-25 10:47:25
2020-03-25 10:47:26,741406.0,741673.0,2020-03-25 10:47:26
2020-03-25 10:47:27,741500.0,741633.0,2020-03-25 10:47:27
2020-03-25 10:47:28,741500.0,741633.0,2020-03-25 10:47:28
2020-03-25 10:47:29,741500.0,741633.0,2020-03-25 10:47:29
2020-03-25 10:47:30,741500.0,741633.0,2020-03-25 10:47:30
2020-03-25 10:47:31,741573.0,741665.0,2020-03-25 10:47:31
2020-03-25 10:47:32,741573.0,741665.0,2020-03-25 10:47:32
2020-03-25 10:47:33,741661.0,741665.0,2020-03-25 10:47:33
2020-03-25 10:47:34,741661.0,741665.0,2020-03-25 10:47:34
2020-03-25 10:47:35,741667.0,741708.0,2020-03-25 10:47:35
2020-03-25 10:47:36,741667.0,741708.0,2020-03-25 10:47:36
2020-03-25 10:47:37,741753.0,741880.0,2020-03-25 10:47:37
2020-03-25 10:47:38,741753.0,741880.0,2020-03-25 10:47:38
2020-03-25 10:47:40,741873.0,742025.0,2020-03-25 10:47:39
2020-03-25 10:47:41,741873.0,742025.0,2020-03-25 10:47:41
2020-03-25 10:47:42,741785.0,742052.0,2020-03-25 10:47:42
2020-03-25 10:47:43,741785.0,742052.0,2020-03-25 10:47:43
2020-03-25 10:47:44,742047.0,742151.0,2020-03-25 10:47:44
2020-03-25 10:47:45,742047.0,742151.0,2020-03-25 10:47:45
2020-03-25 10:47:46,742542.0,742714.0,2020-03-25 10:47:46
2020-03-25 10:47:47,742542.0,742714.0,2020-03-25 10:47:47
2020-03-25 10:47:48,742542.0,742685.0,2020-03-25 10:47:48
2020-03-25 10:47:49,742542.0,742685.0,2020-03-25 10:47:49
2020-03-25 10:47:50,742542.0,742685.0,2020-03-25 10:47:50
2020-03-25 10:47:51,742542.0,742685.0,2020-03-25 10:47:51
2020-03-25 10:47:53,742143.0,742279.0,2020-03-25 10:47:52
2020-03-25 10:47:54,742143.0,742279.0,2020-03-25 10:47:54
2020-03-25 10:47:55,742143.0,742279.0,2020-03-25 10:47:55
2020-03-25 10:47:56,742337.0,742476.0,2020-03-25 10:47:56
2020-03-25 10:47:57,742337.0,742476.0,2020-03-25 10:47:57
2020-03-25 10:47:58,742419.0,742458.0,2020-03-25 10:47:58
2020-03-25 10:47:59,742419.0,742458.0,2020-03-25 10:47:59
2020-03-25 10:48:00,742265.0,742720.0,2020-03-25 10:48:00
2020-03-25 10:48:01,742265.0,742720.0,2020-03-25 10:48:01
2020-03-25 10:48:02,742304.0,742715.0,2020-03-25 10:48:02
2020-03-25 10:48:03,742304.0,742715.0,2020-03-25 10:48:03
2020-03-25 10:48:04,742332.0,742745.0,2020-03-25 10:48:04
2020-03-25 10:48:05,742332.0,742745.0,2020-03-25 10:48:05
2020-03-25 10:48:06,742327.0,742702.0,2020-03-25 10:48:06
2020-03-25 10:48:07,742327.0,742702.0,2020-03-25 10:48:07
2020-03-25 10:48:08,741970.0,742001.0,2020-03-25 10:48:08
2020-03-25 10:48:09,741970.0,742001.0,2020-03-25 10:48:09
2020-03-25 10:48:10,741970.0,742036.0,2020-03-25 10:48:10
2020-03-25 10:48:12,741970.0,742036.0,2020-03-25 10:48:11
2020-03-25 10:48:13,741882.0,742004.0,2020-03-25 10:48:13
2020-03-25 10:48:14,741882.0,742004.0,2020-03-25 10:48:14
2020-03-25 10:48:15,741661.0,741852.0,2020-03-25 10:48:15
2020-03-25 10:48:16,741661.0,741852.0,2020-03-25 10:48:16
2020-03-25 10:48:17,741666.0,741881.0,2020-03-25 10:48:17
2020-03-25 10:48:18,741666.0,741881.0,2020-03-25 10:48:18
2020-03-25 10:48:19,741864.0,741910.0,2020-03-25 10:48:19
2020-03-25 10:48:20,741864.0,741910.0,2020-03-25 10:48:20
2020-03-25 10:48:21,741750.0,742006.0,2020-03-25 10:48:21
2020-03-25 10:48:22,741750.0,742006.0,2020-03-25 10:48:22
2020-03-25 10:48:23,742071.0,742357.0,2020-03-25 10:48:23
2020-03-25 10:48:24,742323.0,742500.0,2020-03-25 10:48:24
2020-03-25 10:48:25,742323.0,742500.0,2020-03-25 10:48:25
2020-03-25 10:48:26,742323.0,742500.0,2020-03-25 10:48:26
2020-03-25 10:48:27,742323.0,742500.0,2020-03-25 10:48:27
2020-03-25 10:48:28,742323.0,742500.0,2020-03-25 10:48:28
2020-03-25 10:48:30,742323.0,742500.0,2020-03-25 10:48:29
2020-03-25 10:48:31,742323.0,742355.0,2020-03-25 10:48:31
2020-03-25 10:48:32,742323.0,742355.0,2020-03-25 10:48:32
2020-03-25 10:48:33,742178.0,742355.0,2020-03-25 10:48:33
2020-03-25 10:48:34,742178.0,742355.0,2020-03-25 10:48:34
2020-03-25 10:48:35,742060.0,742244.0,2020-03-25 10:48:35
2020-03-25 10:48:36,742060.0,742244.0,2020-03-25 10:48:36
2020-03-25 10:48:37,742086.0,742483.0,2020-03-25 10:48:37
2020-03-25 10:48:38,742086.0,742483.0,2020-03-25 10:48:38
2020-03-25 10:48:39,742439.0,742502.0,2020-03-25 10:48:39
2020-03-25 10:48:40,742439.0,742502.0,2020-03-25 10:48:40
2020-03-25 10:48:41,742439.0,742502.0,2020-03-25 10:48:41
2020-03-25 10:48:42,742439.0,742502.0,2020-03-25 10:48:42
2020-03-25 10:48:43,742439.0,742502.0,2020-03-25 10:48:43
2020-03-25 10:48:44,742439.0,742502.0,2020-03-25 10:48:44
2020-03-25 10:48:45,742206.0,742238.0,2020-03-25 10:48:45
2020-03-25 10:48:47,742206.0,742238.0,2020-03-25 10:48:46
2020-03-25 10:48:48,742120.0,742238.0,2020-03-25 10:48:48
2020-03-25 10:48:49,742120.0,742238.0,2020-03-25 10:48:49
2020-03-25 10:48:50,742155.0,742432.0,2020-03-25 10:48:50
2020-03-25 10:48:51,742155.0,742432.0,2020-03-25 10:48:51
2020-03-25 10:48:52,742162.0,742310.0,2020-03-25 10:48:52
2020-03-25 10:48:53,742162.0,742310.0,2020-03-25 10:48:53
2020-03-25 10:48:54,742285.0,742660.0,2020-03-25 10:48:54
2020-03-25 10:48:55,742285.0,742660.0,2020-03-25 10:48:55
2020-03-25 10:48:56,742551.0,742610.0,2020-03-25 10:48:56
2020-03-25 10:48:57,742551.0,742610.0,2020-03-25 10:48:57
2020-03-25 10:48:58,742422.0,742520.0,2020-03-25 10:48:58
2020-03-25 10:48:59,742422.0,742520.0,2020-03-25 10:48:59
2020-03-25 10:49:00,742389.0,742520.0,2020-03-25 10:49:00
2020-03-25 10:49:01,742389.0,742520.0,2020-03-25 10:49:01
2020-03-25 10:49:02,742466.0,742750.0,2020-03-25 10:49:02
2020-03-25 10:49:03,742466.0,742750.0,2020-03-25 10:49:03
2020-03-25 10:49:04,742300.0,742450.0,2020-03-25 10:49:04
2020-03-25 10:49:06,742300.0,742450.0,2020-03-25 10:49:05
2020-03-25 10:49:07,742156.0,742397.0,2020-03-25 10:49:07
2020-03-25 10:49:08,742156.0,742397.0,2020-03-25 10:49:08
2020-03-25 10:49:09,742156.0,742299.0,2020-03-25 10:49:09
2020-03-25 10:49:10,742156.0,742299.0,2020-03-25 10:49:10
2020-03-25 10:49:11,742059.0,742273.0,2020-03-25 10:49:11
2020-03-25 10:49:12,742059.0,742273.0,2020-03-25 10:49:12
2020-03-25 10:49:13,741747.0,742037.0,2020-03-25 10:49:13
2020-03-25 10:49:14,741747.0,742037.0,2020-03-25 10:49:14
2020-03-25 10:49:15,741747.0,741833.0,2020-03-25 10:49:15
2020-03-25 10:49:16,741747.0,741833.0,2020-03-25 10:49:16
2020-03-25 10:49:17,741752.0,741840.0,2020-03-25 10:49:17
2020-03-25 10:49:18,741752.0,741840.0,2020-03-25 10:49:18
2020-03-25 10:49:19,742116.0,742227.0,2020-03-25 10:49:19
2020-03-25 10:49:20,742116.0,742227.0,2020-03-25 10:49:20
2020-03-25 10:49:21,742014.0,742106.0,2020-03-25 10:49:21
2020-03-25 10:49:22,742014.0,742106.0,2020-03-25 10:49:22
2020-03-25 10:49:23,742014.0,742106.0,2020-03-25 10:49:23
2020-03-25 10:49:25,742014.0,742106.0,2020-03-25 10:49:24
2020-03-25 10:49:26,741851.0,742119.0,2020-03-25 10:49:26
2020-03-25 10:49:27,741851.0,742119.0,2020-03-25 10:49:27
2020-03-25 10:49:28,741815.0,742119.0,2020-03-25 10:49:28
2020-03-25 10:49:29,741815.0,742119.0,2020-03-25 10:49:29
2020-03-25 10:49:30,742058.0,742310.0,2020-03-25 10:49:30
2020-03-25 10:49:31,742058.0,742310.0,2020-03-25 10:49:31
2020-03-25 10:49:32,742352.0,742401.0,2020-03-25 10:49:32
2020-03-25 10:49:33,742352.0,742401.0,2020-03-25 10:49:33
2020-03-25 10:49:34,742425.0,742473.0,2020-03-25 10:49:34
2020-03-25 10:49:35,742425.0,742473.0,2020-03-25 10:49:35
2020-03-25 10:49:36,742475.0,742542.0,2020-03-25 10:49:36
2020-03-25 10:49:37,742475.0,742542.0,2020-03-25 10:49:37
2020-03-25 10:49:38,742535.0,742542.0,2020-03-25 10:49:38
2020-03-25 10:49:39,742535.0,742542.0,2020-03-25 10:49:39
2020-03-25 10:49:40,742296.0,742537.0,2020-03-25 10:49:40
2020-03-25 10:49:41,742296.0,742537.0,2020-03-25 10:49:41
2020-03-25 10:49:42,742296.0,742537.0,2020-03-25 10:49:42
2020-03-25 10:49:43,742296.0,742537.0,2020-03-25 10:49:43
2020-03-25 10:49:44,742296.0,742537.0,2020-03-25 10:49:44
2020-03-25 10:49:46,742296.0,742537.0,2020-03-25 10:49:45
2020-03-25 10:49:47,742296.0,742537.0,2020-03-25 10:49:47
2020-03-25 10:49:48,742296.0,742537.0,2020-03-25 10:49:48
2020-03-25 10:49:49,742269.0,742809.0,2020-03-25 10:49:49
2020-03-25 10:49:50,742269.0,742809.0,2020-03-25 10:49:50
2020-03-25 10:49:51,742734.0,742919.0,2020-03-25 10:49:51
2020-03-25 10:49:52,742734.0,742919.0,2020-03-25 10:49:52
2020-03-25 10:49:53,742733.0,742922.0,2020-03-25 10:49:53
2020-03-25 10:49:54,742733.0,742922.0,2020-03-25 10:49:54
2020-03-25 10:49:55,742758.0,742913.0,2020-03-25 10:49:55
2020-03-25 10:49:56,742758.0,742913.0,2020-03-25 10:49:56
2020-03-25 10:49:57,742755.0,743000.0,2020-03-25 10:49:57
2020-03-25 10:49:58,742755.0,743000.0,2020-03-25 10:49:58
2020-03-25 10:49:59,742789.0,742863.0,2020-03-25 10:49:59
2020-03-25 10:50:00,742789.0,742863.0,2020-03-25 10:50:00
2020-03-25 10:50:01,742593.0,742858.0,2020-03-25 10:50:01
2020-03-25 10:50:02,742593.0,742858.0,2020-03-25 10:50:02
2020-03-25 10:50:03,742605.0,742848.0,2020-03-25 10:50:03
2020-03-25 10:50:05,742605.0,742848.0,2020-03-25 10:50:04
2020-03-25 10:50:06,742819.0,742990.0,2020-03-25 10:50:06
2020-03-25 10:50:07,742819.0,742990.0,2020-03-25 10:50:07
2020-03-25 10:50:08,743176.0,743195.0,2020-03-25 10:50:08
2020-03-25 10:50:09,743176.0,743195.0,2020-03-25 10:50:09
2020-03-25 10:50:10,743291.0,743297.0,2020-03-25 10:50:10
2020-03-25 10:50:11,743291.0,743297.0,2020-03-25 10:50:11
2020-03-25 10:50:12,743000.0,743167.0,2020-03-25 10:50:12
2020-03-25 10:50:13,743000.0,743167.0,2020-03-25 10:50:13
2020-03-25 10:50:14,743000.0,743116.0,2020-03-25 10:50:14
2020-03-25 10:50:16,742861.0,742932.0,2020-03-25 10:50:15
2020-03-25 10:50:17,742861.0,742932.0,2020-03-25 10:50:17
2020-03-25 10:50:18,742634.0,742855.0,2020-03-25 10:50:18
2020-03-25 10:50:19,742634.0,742855.0,2020-03-25 10:50:19
2020-03-25 10:50:20,742629.0,742747.0,2020-03-25 10:50:20
2020-03-25 10:50:21,742629.0,742747.0,2020-03-25 10:50:21
2020-03-25 10:50:22,742500.0,742620.0,2020-03-25 10:50:22
2020-03-25 10:50:23,742500.0,742620.0,2020-03-25 10:50:23
2020-03-25 10:50:24,742183.0,742207.0,2020-03-25 10:50:24
2020-03-25 10:50:25,742183.0,742207.0,2020-03-25 10:50:25
2020-03-25 10:50:26,742183.0,742268.0,2020-03-25 10:50:26
2020-03-25 10:50:27,742183.0,742268.0,2020-03-25 10:50:27
2020-03-25 10:50:28,742038.0,742073.0,2020-03-25 10:50:28
2020-03-25 10:50:29,742038.0,742073.0,2020-03-25 10:50:29
2020-03-25 10:50:30,742021.0,742281.0,2020-03-25 10:50:30
2020-03-25 10:50:31,742021.0,742281.0,2020-03-25 10:50:31
2020-03-25 10:50:32,742144.0,742234.0,2020-03-25 10:50:32
2020-03-25 10:50:33,742144.0,742234.0,2020-03-25 10:50:33
2020-03-25 10:50:34,742144.0,742234.0,2020-03-25 10:50:34
2020-03-25 10:50:36,742144.0,742234.0,2020-03-25 10:50:35
2020-03-25 10:50:37,742141.0,742193.0,2020-03-25 10:50:37
2020-03-25 10:50:38,742141.0,742193.0,2020-03-25 10:50:38
2020-03-25 10:50:39,742074.0,742193.0,2020-03-25 10:50:39
2020-03-25 10:50:40,742074.0,742193.0,2020-03-25 10:50:40
2020-03-25 10:50:41,742163.0,742359.0,2020-03-25 10:50:41
2020-03-25 10:50:42,742163.0,742359.0,2020-03-25 10:50:42
2020-03-25 10:50:43,742163.0,742449.0,2020-03-25 10:50:43
2020-03-25 10:50:44,742163.0,742449.0,2020-03-25 10:50:44
2020-03-25 10:50:45,741948.0,742226.0,2020-03-25 10:50:45
2020-03-25 10:50:46,741948.0,742226.0,2020-03-25 10:50:46
2020-03-25 10:50:47,742002.0,742053.0,2020-03-25 10:50:47
2020-03-25 10:50:48,742002.0,742053.0,2020-03-25 10:50:48
2020-03-25 10:50:49,742002.0,742359.0,2020-03-25 10:50:49
2020-03-25 10:50:50,742002.0,742359.0,2020-03-25 10:50:50
2020-03-25 10:50:51,742008.0,742204.0,2020-03-25 10:50:51
2020-03-25 10:50:52,742008.0,742204.0,2020-03-25 10:50:52
2020-03-25 10:50:53,742030.0,742168.0,2020-03-25 10:50:53
2020-03-25 10:50:54,742030.0,742168.0,2020-03-25 10:50:54
2020-03-25 10:50:55,742448.0,742490.0,2020-03-25 10:50:55
2020-03-25 10:50:56,742448.0,742490.0,2020-03-25 10:50:56
2020-03-25 10:50:57,742092.0,742489.0,2020-03-25 10:50:57
2020-03-25 10:50:59,742092.0,742489.0,2020-03-25 10:50:58
2020-03-25 10:51:00,742092.0,742448.0,2020-03-25 10:51:00
2020-03-25 10:51:01,742092.0,742448.0,2020-03-25 10:51:01
2020-03-25 10:51:02,742071.0,742446.0,2020-03-25 10:51:02
2020-03-25 10:51:03,742071.0,742446.0,2020-03-25 10:51:03
2020-03-25 10:51:04,742056.0,742113.0,2020-03-25 10:51:04
2020-03-25 10:51:05,742056.0,742113.0,2020-03-25 10:51:05
2020-03-25 10:51:06,741753.0,742112.0,2020-03-25 10:51:06
2020-03-25 10:51:07,741753.0,742112.0,2020-03-25 10:51:07
2020-03-25 10:51:08,741835.0,741947.0,2020-03-25 10:51:08
2020-03-25 10:51:09,741835.0,741947.0,2020-03-25 10:51:09
2020-03-25 10:51:10,741853.0,742073.0,2020-03-25 10:51:10
2020-03-25 10:51:11,741853.0,742073.0,2020-03-25 10:51:11
2020-03-25 10:51:12,741879.0,742196.0,2020-03-25 10:51:12
2020-03-25 10:51:13,741879.0,742196.0,2020-03-25 10:51:13
2020-03-25 10:51:14,742140.0,742214.0,2020-03-25 10:51:14
2020-03-25 10:51:16,742140.0,742214.0,2020-03-25 10:51:15
2020-03-25 10:51:17,742116.0,742513.0,2020-03-25 10:51:17
2020-03-25 10:51:18,742116.0,742513.0,2020-03-25 10:51:18
2020-03-25 10:51:19,742480.0,742660.0,2020-03-25 10:51:19
2020-03-25 10:51:20,742480.0,742660.0,2020-03-25 10:51:20
2020-03-25 10:51:21,742280.0,742468.0,2020-03-25 10:51:21
2020-03-25 10:51:22,742280.0,742468.0,2020-03-25 10:51:22
2020-03-25 10:51:23,742280.0,742472.0,2020-03-25 10:51:23
2020-03-25 10:51:24,742280.0,742472.0,2020-03-25 10:51:24
2020-03-25 10:51:25,742171.0,742467.0,2020-03-25 10:51:25
2020-03-25 10:51:26,742171.0,742467.0,2020-03-25 10:51:26
2020-03-25 10:51:27,742135.0,742462.0,2020-03-25 10:51:27
2020-03-25 10:51:28,742135.0,742462.0,2020-03-25 10:51:28
2020-03-25 10:51:29,742010.0,742229.0,2020-03-25 10:51:29
2020-03-25 10:51:30,742010.0,742229.0,2020-03-25 10:51:30
2020-03-25 10:51:32,742010.0,742238.0,2020-03-25 10:51:31
2020-03-25 10:51:33,742010.0,742238.0,2020-03-25 10:51:33
2020-03-25 10:51:34,742010.0,742238.0,2020-03-25 10:51:34
2020-03-25 10:51:35,742010.0,742238.0,2020-03-25 10:51:35
2020-03-25 10:51:36,742238.0,742411.0,2020-03-25 10:51:36
2020-03-25 10:51:37,742238.0,742411.0,2020-03-25 10:51:37
2020-03-25 10:51:38,742238.0,742390.0,2020-03-25 10:51:38
2020-03-25 10:51:39,742238.0,742390.0,2020-03-25 10:51:39
2020-03-25 10:51:40,742238.0,742396.0,2020-03-25 10:51:40
2020-03-25 10:51:41,742238.0,742396.0,2020-03-25 10:51:41
2020-03-25 10:51:42,742238.0,742406.0,2020-03-25 10:51:42
2020-03-25 10:51:43,742238.0,742406.0,2020-03-25 10:51:43
2020-03-25 10:51:44,742238.0,742358.0,2020-03-25 10:51:44
2020-03-25 10:51:45,742238.0,742358.0,2020-03-25 10:51:45
2020-03-25 10:51:46,742238.0,742357.0,2020-03-25 10:51:46
2020-03-25 10:51:47,742239.0,742438.0,2020-03-25 10:51:47
2020-03-25 10:51:49,742239.0,742438.0,2020-03-25 10:51:48
2020-03-25 10:51:50,742239.0,742438.0,2020-03-25 10:51:50
2020-03-25 10:51:51,742239.0,742438.0,2020-03-25 10:51:51
2020-03-25 10:51:52,742717.0,742749.0,2020-03-25 10:51:52
2020-03-25 10:51:53,742717.0,742749.0,2020-03-25 10:51:53
2020-03-25 10:51:54,742804.0,743034.0,2020-03-25 10:51:54
2020-03-25 10:51:55,742804.0,743034.0,2020-03-25 10:51:55
2020-03-25 10:51:56,742808.0,742974.0,2020-03-25 10:51:56
2020-03-25 10:51:57,742808.0,742974.0,2020-03-25 10:51:57
2020-03-25 10:51:58,742801.0,742973.0,2020-03-25 10:51:58
2020-03-25 10:51:59,742801.0,742973.0,2020-03-25 10:51:59
2020-03-25 10:52:00,742581.0,742708.0,2020-03-25 10:52:00
2020-03-25 10:52:01,742581.0,742708.0,2020-03-25 10:52:01
2020-03-25 10:52:02,742581.0,742708.0,2020-03-25 10:52:02
2020-03-25 10:52:03,742581.0,742708.0,2020-03-25 10:52:03
2020-03-25 10:52:04,742500.0,742670.0,2020-03-25 10:52:04
2020-03-25 10:52:05,742500.0,742670.0,2020-03-25 10:52:05
2020-03-25 10:52:07,742614.0,742670.0,2020-03-25 10:52:06
2020-03-25 10:52:08,742614.0,742670.0,2020-03-25 10:52:08
2020-03-25 10:52:09,742431.0,742670.0,2020-03-25 10:52:09
2020-03-25 10:52:10,742431.0,742670.0,2020-03-25 10:52:10
2020-03-25 10:52:11,742431.0,742721.0,2020-03-25 10:52:11
2020-03-25 10:52:12,742431.0,742721.0,2020-03-25 10:52:12
2020-03-25 10:52:13,742670.0,742721.0,2020-03-25 10:52:13
2020-03-25 10:52:14,742670.0,742721.0,2020-03-25 10:52:14
2020-03-25 10:52:15,742440.0,742671.0,2020-03-25 10:52:15
2020-03-25 10:52:16,742440.0,742671.0,2020-03-25 10:52:16
2020-03-25 10:52:17,742451.0,742599.0,2020-03-25 10:52:17
2020-03-25 10:52:18,742451.0,742599.0,2020-03-25 10:52:18
2020-03-25 10:52:19,741800.0,741836.0,2020-03-25 10:52:19
2020-03-25 10:52:21,741818.0,742036.0,2020-03-25 10:52:21
2020-03-25 10:52:22,741818.0,742036.0,2020-03-25 10:52:22
2020-03-25 10:52:23,741676.0,742058.0,2020-03-25 10:52:23
2020-03-25 10:52:24,741676.0,742058.0,2020-03-25 10:52:24
2020-03-25 10:52:25,742068.0,742155.0,2020-03-25 10:52:25
2020-03-25 10:52:26,742068.0,742155.0,2020-03-25 10:52:26
2020-03-25 10:52:27,742071.0,742154.0,2020-03-25 10:52:27
2020-03-25 10:52:28,742071.0,742154.0,2020-03-25 10:52:28
2020-03-25 10:52:29,741878.0,742060.0,2020-03-25 10:52:29
2020-03-25 10:52:31,741878.0,742060.0,2020-03-25 10:52:30
2020-03-25 10:52:32,741740.0,742099.0,2020-03-25 10:52:32
2020-03-25 10:52:33,741740.0,742099.0,2020-03-25 10:52:33
2020-03-25 10:52:34,741740.0,742099.0,2020-03-25 10:52:34
2020-03-25 10:52:35,741740.0,742099.0,2020-03-25 10:52:35
2020-03-25 10:52:36,741740.0,742099.0,2020-03-25 10:52:36
2020-03-25 10:52:37,741740.0,742099.0,2020-03-25 10:52:37
2020-03-25 10:52:38,741866.0,741961.0,2020-03-25 10:52:38
2020-03-25 10:52:39,741866.0,741961.0,2020-03-25 10:52:39
2020-03-25 10:52:40,741879.0,742194.0,2020-03-25 10:52:40
2020-03-25 10:52:41,741879.0,742194.0,2020-03-25 10:52:41
2020-03-25 10:52:42,741889.0,742189.0,2020-03-25 10:52:42
2020-03-25 10:52:43,741889.0,742189.0,2020-03-25 10:52:43
2020-03-25 10:52:44,741740.0,741850.0,2020-03-25 10:52:44
2020-03-25 10:52:45,741740.0,741850.0,2020-03-25 10:52:45
2020-03-25 10:52:46,741460.0,741639.0,2020-03-25 10:52:46
2020-03-25 10:52:47,741460.0,741639.0,2020-03-25 10:52:47
2020-03-25 10:52:48,741424.0,741438.0,2020-03-25 10:52:48
2020-03-25 10:52:50,741424.0,741438.0,2020-03-25 10:52:49
2020-03-25 10:52:51,741783.0,741800.0,2020-03-25 10:52:51
2020-03-25 10:52:52,741783.0,741800.0,2020-03-25 10:52:52
2020-03-25 10:52:53,741783.0,741803.0,2020-03-25 10:52:53
2020-03-25 10:52:54,741783.0,741803.0,2020-03-25 10:52:54
2020-03-25 10:52:55,741510.0,741628.0,2020-03-25 10:52:55
2020-03-25 10:52:56,741510.0,741628.0,2020-03-25 10:52:56
2020-03-25 10:52:57,741529.0,741708.0,2020-03-25 10:52:57
2020-03-25 10:52:58,741529.0,741708.0,2020-03-25 10:52:58
2020-03-25 10:53:00,741449.0,741702.0,2020-03-25 10:52:59
2020-03-25 10:53:01,741449.0,741702.0,2020-03-25 10:53:01
2020-03-25 10:53:02,741571.0,741960.0,2020-03-25 10:53:02
2020-03-25 10:53:03,741571.0,741960.0,2020-03-25 10:53:03
2020-03-25 10:53:04,741649.0,741946.0,2020-03-25 10:53:04
2020-03-25 10:53:05,741649.0,741946.0,2020-03-25 10:53:05
2020-03-25 10:53:06,741545.0,741637.0,2020-03-25 10:53:06
2020-03-25 10:53:07,741545.0,741637.0,2020-03-25 10:53:07
2020-03-25 10:53:08,741576.0,741817.0,2020-03-25 10:53:08
2020-03-25 10:53:09,741576.0,741817.0,2020-03-25 10:53:09
2020-03-25 10:53:10,741576.0,741817.0,2020-03-25 10:53:10
2020-03-25 10:53:11,741576.0,741817.0,2020-03-25 10:53:11
2020-03-25 10:53:12,741463.0,741643.0,2020-03-25 10:53:12
2020-03-25 10:53:13,741463.0,741643.0,2020-03-25 10:53:13
2020-03-25 10:53:14,741474.0,741643.0,2020-03-25 10:53:14
2020-03-25 10:53:15,741474.0,741643.0,2020-03-25 10:53:15
2020-03-25 10:53:16,741474.0,741643.0,2020-03-25 10:53:16
2020-03-25 10:53:17,741474.0,741643.0,2020-03-25 10:53:17
2020-03-25 10:53:19,741524.0,741643.0,2020-03-25 10:53:18
2020-03-25 10:53:20,741524.0,741643.0,2020-03-25 10:53:20
2020-03-25 10:53:21,741130.0,741417.0,2020-03-25 10:53:21
2020-03-25 10:53:22,741130.0,741417.0,2020-03-25 10:53:22
2020-03-25 10:53:23,741117.0,741149.0,2020-03-25 10:53:23
2020-03-25 10:53:24,741117.0,741149.0,2020-03-25 10:53:24
2020-03-25 10:53:25,741032.0,741110.0,2020-03-25 10:53:25
2020-03-25 10:53:26,741032.0,741110.0,2020-03-25 10:53:26
2020-03-25 10:53:27,741033.0,741109.0,2020-03-25 10:53:27
2020-03-25 10:53:28,741033.0,741109.0,2020-03-25 10:53:28
2020-03-25 10:53:29,740692.0,740813.0,2020-03-25 10:53:29
2020-03-25 10:53:30,740692.0,740813.0,2020-03-25 10:53:30
2020-03-25 10:53:31,740810.0,740863.0,2020-03-25 10:53:31
2020-03-25 10:53:32,740810.0,740863.0,2020-03-25 10:53:32
2020-03-25 10:53:33,741136.0,741293.0,2020-03-25 10:53:33
2020-03-25 10:53:34,741136.0,741293.0,2020-03-25 10:53:34
2020-03-25 10:53:35,741136.0,741286.0,2020-03-25 10:53:35
2020-03-25 10:53:37,741136.0,741286.0,2020-03-25 10:53:36
2020-03-25 10:53:38,741136.0,741286.0,2020-03-25 10:53:38
2020-03-25 10:53:39,741136.0,741286.0,2020-03-25 10:53:39
2020-03-25 10:53:40,740954.0,741262.0,2020-03-25 10:53:40
2020-03-25 10:53:41,740954.0,741262.0,2020-03-25 10:53:41
2020-03-25 10:53:42,740921.0,741261.0,2020-03-25 10:53:42
2020-03-25 10:53:43,740921.0,741261.0,2020-03-25 10:53:43
2020-03-25 10:53:44,740921.0,741261.0,2020-03-25 10:53:44
2020-03-25 10:53:45,740921.0,741261.0,2020-03-25 10:53:45
2020-03-25 10:53:46,740965.0,741261.0,2020-03-25 10:53:46
2020-03-25 10:53:47,740965.0,741261.0,2020-03-25 10:53:47
2020-03-25 10:53:48,740965.0,741261.0,2020-03-25 10:53:48
2020-03-25 10:53:49,740965.0,741261.0,2020-03-25 10:53:49
2020-03-25 10:53:50,741060.0,741412.0,2020-03-25 10:53:50
2020-03-25 10:53:51,741060.0,741412.0,2020-03-25 10:53:51
2020-03-25 10:53:52,741196.0,741411.0,2020-03-25 10:53:52
2020-03-25 10:53:53,741196.0,741411.0,2020-03-25 10:53:53
2020-03-25 10:53:54,741322.0,741411.0,2020-03-25 10:53:54
2020-03-25 10:53:55,741322.0,741411.0,2020-03-25 10:53:55
2020-03-25 10:53:57,741318.0,741370.0,2020-03-25 10:53:56
2020-03-25 10:53:58,741318.0,741370.0,2020-03-25 10:53:58
2020-03-25 10:53:59,741318.0,741370.0,2020-03-25 10:53:59
2020-03-25 10:54:00,741318.0,741370.0,2020-03-25 10:54:00
2020-03-25 10:54:01,740868.0,741128.0,2020-03-25 10:54:01
2020-03-25 10:54:02,740868.0,741128.0,2020-03-25 10:54:02
2020-03-25 10:54:03,740792.0,740820.0,2020-03-25 10:54:03
2020-03-25 10:54:04,740792.0,740820.0,2020-03-25 10:54:04
2020-03-25 10:54:05,740767.0,740771.0,2020-03-25 10:54:05
2020-03-25 10:54:06,740767.0,740771.0,2020-03-25 10:54:06
2020-03-25 10:54:07,740642.0,740704.0,2020-03-25 10:54:07
2020-03-25 10:54:08,740642.0,740704.0,2020-03-25 10:54:08
2020-03-25 10:54:09,740642.0,740784.0,2020-03-25 10:54:09
2020-03-25 10:54:10,740642.0,740784.0,2020-03-25 10:54:10
2020-03-25 10:54:11,740826.0,740945.0,2020-03-25 10:54:11
2020-03-25 10:54:12,740826.0,740945.0,2020-03-25 10:54:12
2020-03-25 10:54:13,740709.0,740895.0,2020-03-25 10:54:13
2020-03-25 10:54:14,740709.0,740895.0,2020-03-25 10:54:14
2020-03-25 10:54:15,740710.0,740889.0,2020-03-25 10:54:15
2020-03-25 10:54:17,740710.0,740889.0,2020-03-25 10:54:16
2020-03-25 10:54:18,740556.0,740693.0,2020-03-25 10:54:18
2020-03-25 10:54:19,740556.0,740693.0,2020-03-25 10:54:19
2020-03-25 10:54:20,740211.0,740482.0,2020-03-25 10:54:20
2020-03-25 10:54:21,740211.0,740482.0,2020-03-25 10:54:21
2020-03-25 10:54:22,739950.0,740132.0,2020-03-25 10:54:22
2020-03-25 10:54:23,739950.0,740132.0,2020-03-25 10:54:23
2020-03-25 10:54:24,739955.0,740010.0,2020-03-25 10:54:24
2020-03-25 10:54:25,739955.0,740010.0,2020-03-25 10:54:25
2020-03-25 10:54:26,739956.0,739959.0,2020-03-25 10:54:26
2020-03-25 10:54:27,739956.0,739959.0,2020-03-25 10:54:27
2020-03-25 10:54:28,739770.0,739958.0,2020-03-25 10:54:28
2020-03-25 10:54:29,739770.0,739958.0,2020-03-25 10:54:29
2020-03-25 10:54:30,739770.0,739958.0,2020-03-25 10:54:30
2020-03-25 10:54:31,739770.0,739958.0,2020-03-25 10:54:31
2020-03-25 10:54:32,740003.0,740170.0,2020-03-25 10:54:32
2020-03-25 10:54:33,740003.0,740170.0,2020-03-25 10:54:33
2020-03-25 10:54:34,740003.0,740170.0,2020-03-25 10:54:34
2020-03-25 10:54:35,740003.0,740170.0,2020-03-25 10:54:35
2020-03-25 10:54:37,739842.0,740097.0,2020-03-25 10:54:36
2020-03-25 10:54:38,739719.0,739794.0,2020-03-25 10:54:38
2020-03-25 10:54:39,739719.0,739794.0,2020-03-25 10:54:39
2020-03-25 10:54:40,739719.0,739744.0,2020-03-25 10:54:40
2020-03-25 10:54:41,739719.0,739744.0,2020-03-25 10:54:41
2020-03-25 10:54:42,739729.0,739884.0,2020-03-25 10:54:42
2020-03-25 10:54:43,739729.0,739884.0,2020-03-25 10:54:43
2020-03-25 10:54:44,740013.0,740163.0,2020-03-25 10:54:44
2020-03-25 10:54:45,740013.0,740163.0,2020-03-25 10:54:45
2020-03-25 10:54:46,740012.0,740150.0,2020-03-25 10:54:46
2020-03-25 10:54:47,740012.0,740150.0,2020-03-25 10:54:47
2020-03-25 10:54:48,740251.0,740260.0,2020-03-25 10:54:48
2020-03-25 10:54:49,740251.0,740260.0,2020-03-25 10:54:49
2020-03-25 10:54:50,740253.0,740342.0,2020-03-25 10:54:50
2020-03-25 10:54:51,740253.0,740342.0,2020-03-25 10:54:51
2020-03-25 10:54:52,740379.0,740553.0,2020-03-25 10:54:52
2020-03-25 10:54:53,740379.0,740553.0,2020-03-25 10:54:53
2020-03-25 10:54:54,740379.0,740657.0,2020-03-25 10:54:54
2020-03-25 10:54:56,740379.0,740657.0,2020-03-25 10:54:55
2020-03-25 10:54:57,740379.0,740656.0,2020-03-25 10:54:57
2020-03-25 10:54:58,740379.0,740656.0,2020-03-25 10:54:58
2020-03-25 10:54:59,740240.0,740618.0,2020-03-25 10:54:59
2020-03-25 10:55:00,740240.0,740618.0,2020-03-25 10:55:00
2020-03-25 10:55:01,740240.0,740703.0,2020-03-25 10:55:01
2020-03-25 10:55:02,740240.0,740703.0,2020-03-25 10:55:02
2020-03-25 10:55:03,740100.0,740235.0,2020-03-25 10:55:03
2020-03-25 10:55:04,740100.0,740235.0,2020-03-25 10:55:04
2020-03-25 10:55:05,740037.0,740261.0,2020-03-25 10:55:05
2020-03-25 10:55:06,740037.0,740261.0,2020-03-25 10:55:06
2020-03-25 10:55:07,739580.0,739902.0,2020-03-25 10:55:07
2020-03-25 10:55:08,739580.0,739902.0,2020-03-25 10:55:08
2020-03-25 10:55:09,739590.0,739764.0,2020-03-25 10:55:09
2020-03-25 10:55:10,739590.0,739764.0,2020-03-25 10:55:10
2020-03-25 10:55:11,739610.0,739897.0,2020-03-25 10:55:11
2020-03-25 10:55:12,739610.0,739897.0,2020-03-25 10:55:12
2020-03-25 10:55:13,739837.0,739934.0,2020-03-25 10:55:13
2020-03-25 10:55:14,739837.0,739934.0,2020-03-25 10:55:14
2020-03-25 10:55:15,739840.0,739934.0,2020-03-25 10:55:15
2020-03-25 10:55:17,739840.0,739934.0,2020-03-25 10:55:16
2020-03-25 10:55:18,739409.0,739884.0,2020-03-25 10:55:18
2020-03-25 10:55:19,739409.0,739884.0,2020-03-25 10:55:19
2020-03-25 10:55:20,738271.0,738508.0,2020-03-25 10:55:20
2020-03-25 10:55:22,738271.0,738508.0,2020-03-25 10:55:21
2020-03-25 10:55:23,737992.0,738230.0,2020-03-25 10:55:23
2020-03-25 10:55:24,738208.0,738315.0,2020-03-25 10:55:24
2020-03-25 10:55:25,738208.0,738315.0,2020-03-25 10:55:25
2020-03-25 10:55:26,738372.0,738456.0,2020-03-25 10:55:26
2020-03-25 10:55:27,738372.0,738456.0,2020-03-25 10:55:27
2020-03-25 10:55:28,738372.0,738456.0,2020-03-25 10:55:28
2020-03-25 10:55:29,738372.0,738456.0,2020-03-25 10:55:29
2020-03-25 10:55:30,737990.0,738454.0,2020-03-25 10:55:30
2020-03-25 10:55:31,737990.0,738454.0,2020-03-25 10:55:31
2020-03-25 10:55:32,737990.0,738121.0,2020-03-25 10:55:32
2020-03-25 10:55:33,737990.0,738121.0,2020-03-25 10:55:33
2020-03-25 10:55:34,737990.0,738181.0,2020-03-25 10:55:34
2020-03-25 10:55:35,737990.0,738181.0,2020-03-25 10:55:35
2020-03-25 10:55:36,737627.0,737687.0,2020-03-25 10:55:36
2020-03-25 10:55:37,737627.0,737687.0,2020-03-25 10:55:37
2020-03-25 10:55:39,737539.0,737831.0,2020-03-25 10:55:38
2020-03-25 10:55:40,737539.0,737831.0,2020-03-25 10:55:40
2020-03-25 10:55:41,737417.0,737539.0,2020-03-25 10:55:41
2020-03-25 10:55:42,737417.0,737539.0,2020-03-25 10:55:42
2020-03-25 10:55:43,737553.0,737781.0,2020-03-25 10:55:43
2020-03-25 10:55:44,737553.0,737781.0,2020-03-25 10:55:44
2020-03-25 10:55:45,737440.0,737519.0,2020-03-25 10:55:45
2020-03-25 10:55:46,737440.0,737519.0,2020-03-25 10:55:46
2020-03-25 10:55:47,737440.0,737519.0,2020-03-25 10:55:47
2020-03-25 10:55:48,737440.0,737519.0,2020-03-25 10:55:48
2020-03-25 10:55:49,736060.0,736587.0,2020-03-25 10:55:49
2020-03-25 10:55:50,736060.0,736587.0,2020-03-25 10:55:50
2020-03-25 10:55:51,736065.0,736438.0,2020-03-25 10:55:51
2020-03-25 10:55:52,736065.0,736438.0,2020-03-25 10:55:52
2020-03-25 10:55:53,736269.0,736430.0,2020-03-25 10:55:53
2020-03-25 10:55:55,736269.0,736430.0,2020-03-25 10:55:54
2020-03-25 10:55:56,737287.0,737540.0,2020-03-25 10:55:56
2020-03-25 10:55:57,737287.0,737540.0,2020-03-25 10:55:57
2020-03-25 10:55:58,736911.0,737081.0,2020-03-25 10:55:58
2020-03-25 10:55:59,736911.0,737081.0,2020-03-25 10:55:59
2020-03-25 10:56:00,736740.0,736829.0,2020-03-25 10:56:00
2020-03-25 10:56:01,736740.0,736829.0,2020-03-25 10:56:01
2020-03-25 10:56:02,736448.0,736697.0,2020-03-25 10:56:02
2020-03-25 10:56:03,736448.0,736697.0,2020-03-25 10:56:03
2020-03-25 10:56:04,736462.0,736905.0,2020-03-25 10:56:04
2020-03-25 10:56:05,736462.0,736905.0,2020-03-25 10:56:05
2020-03-25 10:56:06,736938.0,737227.0,2020-03-25 10:56:06
2020-03-25 10:56:07,736938.0,737227.0,2020-03-25 10:56:07
2020-03-25 10:56:08,736703.0,737286.0,2020-03-25 10:56:08
2020-03-25 10:56:09,736703.0,737286.0,2020-03-25 10:56:09
2020-03-25 10:56:10,737069.0,737198.0,2020-03-25 10:56:10
2020-03-25 10:56:11,737069.0,737198.0,2020-03-25 10:56:11
2020-03-25 10:56:13,736990.0,737336.0,2020-03-25 10:56:12
2020-03-25 10:56:14,736990.0,737336.0,2020-03-25 10:56:14
2020-03-25 10:56:15,737534.0,737658.0,2020-03-25 10:56:15
2020-03-25 10:56:16,737534.0,737658.0,2020-03-25 10:56:16
2020-03-25 10:56:17,737123.0,737658.0,2020-03-25 10:56:17
2020-03-25 10:56:18,737123.0,737658.0,2020-03-25 10:56:18
2020-03-25 10:56:19,737123.0,737658.0,2020-03-25 10:56:19
2020-03-25 10:56:20,737123.0,737658.0,2020-03-25 10:56:20
2020-03-25 10:56:21,737300.0,737755.0,2020-03-25 10:56:21
2020-03-25 10:56:22,737300.0,737755.0,2020-03-25 10:56:22
2020-03-25 10:56:23,737664.0,737955.0,2020-03-25 10:56:23
2020-03-25 10:56:24,737664.0,737955.0,2020-03-25 10:56:24
2020-03-25 10:56:25,737339.0,737763.0,2020-03-25 10:56:25
2020-03-25 10:56:26,737339.0,737763.0,2020-03-25 10:56:26
2020-03-25 10:56:27,737392.0,737590.0,2020-03-25 10:56:27
2020-03-25 10:56:28,737392.0,737590.0,2020-03-25 10:56:28
2020-03-25 10:56:30,737359.0,737891.0,2020-03-25 10:56:29
2020-03-25 10:56:31,737359.0,737891.0,2020-03-25 10:56:31
2020-03-25 10:56:32,737266.0,737449.0,2020-03-25 10:56:32
2020-03-25 10:56:33,737266.0,737449.0,2020-03-25 10:56:33
2020-03-25 10:56:34,737188.0,737399.0,2020-03-25 10:56:34
2020-03-25 10:56:35,737188.0,737399.0,2020-03-25 10:56:35
2020-03-25 10:56:36,737291.0,737399.0,2020-03-25 10:56:36
2020-03-25 10:56:37,737291.0,737399.0,2020-03-25 10:56:37
2020-03-25 10:56:38,737291.0,737399.0,2020-03-25 10:56:38
2020-03-25 10:56:39,736884.0,737717.0,2020-03-25 10:56:39
2020-03-25 10:56:40,736884.0,737717.0,2020-03-25 10:56:40
2020-03-25 10:56:41,737007.0,737240.0,2020-03-25 10:56:41
2020-03-25 10:56:42,737007.0,737240.0,2020-03-25 10:56:42
2020-03-25 10:56:43,737313.0,737494.0,2020-03-25 10:56:43
2020-03-25 10:56:44,737313.0,737494.0,2020-03-25 10:56:44
2020-03-25 10:56:45,737051.0,737313.0,2020-03-25 10:56:45
2020-03-25 10:56:46,737051.0,737313.0,2020-03-25 10:56:46
2020-03-25 10:56:47,736990.0,737411.0,2020-03-25 10:56:47
2020-03-25 10:56:48,736990.0,737411.0,2020-03-25 10:56:48
2020-03-25 10:56:50,736935.0,736956.0,2020-03-25 10:56:49
2020-03-25 10:56:51,736935.0,736956.0,2020-03-25 10:56:51
2020-03-25 10:56:52,736540.0,736663.0,2020-03-25 10:56:52
2020-03-25 10:56:53,736540.0,736663.0,2020-03-25 10:56:53
2020-03-25 10:56:54,736662.0,736798.0,2020-03-25 10:56:54
2020-03-25 10:56:55,736662.0,736798.0,2020-03-25 10:56:55
2020-03-25 10:56:56,736384.0,736670.0,2020-03-25 10:56:56
2020-03-25 10:56:57,736384.0,736670.0,2020-03-25 10:56:57
2020-03-25 10:56:58,736384.0,736670.0,2020-03-25 10:56:58
2020-03-25 10:56:59,736384.0,736670.0,2020-03-25 10:56:59
2020-03-25 10:57:00,736911.0,737108.0,2020-03-25 10:57:00
2020-03-25 10:57:01,736911.0,737108.0,2020-03-25 10:57:01
2020-03-25 10:57:02,736790.0,736961.0,2020-03-25 10:57:02
2020-03-25 10:57:03,736790.0,736961.0,2020-03-25 10:57:03
2020-03-25 10:57:04,736740.0,737141.0,2020-03-25 10:57:04
2020-03-25 10:57:05,736740.0,737141.0,2020-03-25 10:57:05
2020-03-25 10:57:07,736781.0,737139.0,2020-03-25 10:57:06
2020-03-25 10:57:08,736781.0,737139.0,2020-03-25 10:57:08
2020-03-25 10:57:09,736781.0,737139.0,2020-03-25 10:57:09
2020-03-25 10:57:10,736781.0,737139.0,2020-03-25 10:57:10
2020-03-25 10:57:11,736506.0,737088.0,2020-03-25 10:57:11
2020-03-25 10:57:12,736506.0,737088.0,2020-03-25 10:57:12
2020-03-25 10:57:13,736653.0,736705.0,2020-03-25 10:57:13
2020-03-25 10:57:14,736653.0,736705.0,2020-03-25 10:57:14
2020-03-25 10:57:15,736228.0,736952.0,2020-03-25 10:57:15
2020-03-25 10:57:16,736228.0,736952.0,2020-03-25 10:57:16
2020-03-25 10:57:17,736175.0,736726.0,2020-03-25 10:57:17
2020-03-25 10:57:18,736175.0,736726.0,2020-03-25 10:57:18
2020-03-25 10:57:19,736281.0,736697.0,2020-03-25 10:57:19
2020-03-25 10:57:20,736281.0,736697.0,2020-03-25 10:57:20
2020-03-25 10:57:21,736225.0,736431.0,2020-03-25 10:57:21
2020-03-25 10:57:22,736225.0,736431.0,2020-03-25 10:57:22
2020-03-25 10:57:23,736103.0,736195.0,2020-03-25 10:57:23
2020-03-25 10:57:25,736103.0,736195.0,2020-03-25 10:57:24
2020-03-25 10:57:26,735901.0,735926.0,2020-03-25 10:57:26
2020-03-25 10:57:27,735901.0,735926.0,2020-03-25 10:57:27
2020-03-25 10:57:28,735248.0,735801.0,2020-03-25 10:57:28
2020-03-25 10:57:29,735248.0,735801.0,2020-03-25 10:57:29
2020-03-25 10:57:30,734403.0,734669.0,2020-03-25 10:57:30
2020-03-25 10:57:31,734403.0,734669.0,2020-03-25 10:57:31
2020-03-25 10:57:32,734216.0,734363.0,2020-03-25 10:57:32
2020-03-25 10:57:33,734216.0,734363.0,2020-03-25 10:57:33
2020-03-25 10:57:34,734612.0,734751.0,2020-03-25 10:57:34
2020-03-25 10:57:35,734612.0,734751.0,2020-03-25 10:57:35
2020-03-25 10:57:36,733499.0,733882.0,2020-03-25 10:57:36
2020-03-25 10:57:37,733499.0,733882.0,2020-03-25 10:57:37
2020-03-25 10:57:38,732849.0,732940.0,2020-03-25 10:57:38
2020-03-25 10:57:40,732849.0,732940.0,2020-03-25 10:57:39
2020-03-25 10:57:41,733403.0,733599.0,2020-03-25 10:57:41
2020-03-25 10:57:42,733403.0,733599.0,2020-03-25 10:57:42
2020-03-25 10:57:43,733799.0,733912.0,2020-03-25 10:57:43
2020-03-25 10:57:44,733799.0,733912.0,2020-03-25 10:57:44
2020-03-25 10:57:45,735017.0,735432.0,2020-03-25 10:57:45
2020-03-25 10:57:46,735017.0,735432.0,2020-03-25 10:57:46
2020-03-25 10:57:47,734339.0,734466.0,2020-03-25 10:57:47
2020-03-25 10:57:48,734339.0,734466.0,2020-03-25 10:57:48
2020-03-25 10:57:49,733851.0,734143.0,2020-03-25 10:57:49
2020-03-25 10:57:50,733851.0,734143.0,2020-03-25 10:57:50
2020-03-25 10:57:51,733951.0,734111.0,2020-03-25 10:57:51
2020-03-25 10:57:52,733951.0,734111.0,2020-03-25 10:57:52
2020-03-25 10:57:53,733951.0,734111.0,2020-03-25 10:57:53
2020-03-25 10:57:54,733951.0,734111.0,2020-03-25 10:57:54
2020-03-25 10:57:55,733951.0,734111.0,2020-03-25 10:57:55
2020-03-25 10:57:57,733951.0,734111.0,2020-03-25 10:57:56
2020-03-25 10:57:58,733951.0,734111.0,2020-03-25 10:57:58
2020-03-25 10:57:59,733951.0,734111.0,2020-03-25 10:57:59
2020-03-25 10:58:00,733685.0,734360.0,2020-03-25 10:58:00
2020-03-25 10:58:01,733685.0,734360.0,2020-03-25 10:58:01
2020-03-25 10:58:02,733171.0,734010.0,2020-03-25 10:58:02
2020-03-25 10:58:03,733171.0,734010.0,2020-03-25 10:58:03
2020-03-25 10:58:04,733214.0,733801.0,2020-03-25 10:58:04
2020-03-25 10:58:05,733214.0,733801.0,2020-03-25 10:58:05
2020-03-25 10:58:07,733219.0,733659.0,2020-03-25 10:58:07
2020-03-25 10:58:08,733564.0,733713.0,2020-03-25 10:58:08
2020-03-25 10:58:09,733564.0,733713.0,2020-03-25 10:58:09
2020-03-25 10:58:10,733253.0,733633.0,2020-03-25 10:58:10
2020-03-25 10:58:11,733253.0,733633.0,2020-03-25 10:58:11
2020-03-25 10:58:12,733662.0,733908.0,2020-03-25 10:58:12
2020-03-25 10:58:13,733662.0,733908.0,2020-03-25 10:58:13
2020-03-25 10:58:14,733662.0,733908.0,2020-03-25 10:58:14
2020-03-25 10:58:15,733662.0,733908.0,2020-03-25 10:58:15
2020-03-25 10:58:16,734481.0,734985.0,2020-03-25 10:58:16
2020-03-25 10:58:17,734481.0,734985.0,2020-03-25 10:58:17
2020-03-25 10:58:18,734604.0,735357.0,2020-03-25 10:58:18
2020-03-25 10:58:20,734604.0,735357.0,2020-03-25 10:58:19
2020-03-25 10:58:21,734603.0,734990.0,2020-03-25 10:58:21
2020-03-25 10:58:22,734603.0,734990.0,2020-03-25 10:58:22
2020-03-25 10:58:23,734507.0,734985.0,2020-03-25 10:58:23
2020-03-25 10:58:24,734507.0,734985.0,2020-03-25 10:58:24
2020-03-25 10:58:25,734527.0,735052.0,2020-03-25 10:58:25
2020-03-25 10:58:26,734527.0,735052.0,2020-03-25 10:58:26
2020-03-25 10:58:27,735001.0,735002.0,2020-03-25 10:58:27
2020-03-25 10:58:28,735001.0,735002.0,2020-03-25 10:58:28
2020-03-25 10:58:29,735001.0,735002.0,2020-03-25 10:58:29
2020-03-25 10:58:30,735001.0,735002.0,2020-03-25 10:58:30
2020-03-25 10:58:31,734601.0,735002.0,2020-03-25 10:58:31
2020-03-25 10:58:32,734601.0,735002.0,2020-03-25 10:58:32
2020-03-25 10:58:33,734601.0,735002.0,2020-03-25 10:58:33
2020-03-25 10:58:34,734601.0,735002.0,2020-03-25 10:58:34
2020-03-25 10:58:35,734651.0,735038.0,2020-03-25 10:58:35
2020-03-25 10:58:36,734651.0,735038.0,2020-03-25 10:58:36
2020-03-25 10:58:37,734521.0,734882.0,2020-03-25 10:58:37
2020-03-25 10:58:39,734521.0,734882.0,2020-03-25 10:58:38
2020-03-25 10:58:40,734342.0,734641.0,2020-03-25 10:58:40
2020-03-25 10:58:41,734342.0,734641.0,2020-03-25 10:58:41
2020-03-25 10:58:42,734403.0,734514.0,2020-03-25 10:58:42
2020-03-25 10:58:43,734403.0,734514.0,2020-03-25 10:58:43
2020-03-25 10:58:44,734408.0,734744.0,2020-03-25 10:58:44
2020-03-25 10:58:45,734408.0,734744.0,2020-03-25 10:58:45
2020-03-25 10:58:46,734408.0,734744.0,2020-03-25 10:58:46
2020-03-25 10:58:47,734408.0,734744.0,2020-03-25 10:58:47
2020-03-25 10:58:48,734242.0,734693.0,2020-03-25 10:58:48
2020-03-25 10:58:49,734242.0,734693.0,2020-03-25 10:58:49
2020-03-25 10:58:50,734240.0,734587.0,2020-03-25 10:58:50
2020-03-25 10:58:51,734240.0,734587.0,2020-03-25 10:58:51
2020-03-25 10:58:52,734762.0,734967.0,2020-03-25 10:58:52
2020-03-25 10:58:53,734762.0,734967.0,2020-03-25 10:58:53
2020-03-25 10:58:55,734740.0,734925.0,2020-03-25 10:58:54
2020-03-25 10:58:56,734740.0,734925.0,2020-03-25 10:58:56
2020-03-25 10:58:57,734457.0,734721.0,2020-03-25 10:58:57
2020-03-25 10:58:58,734457.0,734721.0,2020-03-25 10:58:58
2020-03-25 10:58:59,734473.0,735163.0,2020-03-25 10:58:59
2020-03-25 10:59:00,734473.0,735163.0,2020-03-25 10:59:00
2020-03-25 10:59:01,735671.0,735749.0,2020-03-25 10:59:01
2020-03-25 10:59:02,735671.0,735749.0,2020-03-25 10:59:02
2020-03-25 10:59:03,735503.0,735791.0,2020-03-25 10:59:03
2020-03-25 10:59:04,735503.0,735791.0,2020-03-25 10:59:04
2020-03-25 10:59:05,735486.0,735736.0,2020-03-25 10:59:05
2020-03-25 10:59:06,735486.0,735736.0,2020-03-25 10:59:06
2020-03-25 10:59:07,735366.0,735662.0,2020-03-25 10:59:07
2020-03-25 10:59:08,735366.0,735662.0,2020-03-25 10:59:08
2020-03-25 10:59:09,735549.0,735661.0,2020-03-25 10:59:09
2020-03-25 10:59:10,735549.0,735661.0,2020-03-25 10:59:10
2020-03-25 10:59:11,735366.0,735443.0,2020-03-25 10:59:11
2020-03-25 10:59:13,735366.0,735443.0,2020-03-25 10:59:12
2020-03-25 10:59:14,735250.0,735443.0,2020-03-25 10:59:14
2020-03-25 10:59:15,735250.0,735443.0,2020-03-25 10:59:15
2020-03-25 10:59:16,735250.0,735443.0,2020-03-25 10:59:16
2020-03-25 10:59:17,735250.0,735443.0,2020-03-25 10:59:17
2020-03-25 10:59:18,735250.0,735443.0,2020-03-25 10:59:18
2020-03-25 10:59:19,735250.0,735443.0,2020-03-25 10:59:19
2020-03-25 10:59:20,734890.0,735240.0,2020-03-25 10:59:20
2020-03-25 10:59:21,734890.0,735240.0,2020-03-25 10:59:21
2020-03-25 10:59:22,735308.0,735491.0,2020-03-25 10:59:22
2020-03-25 10:59:23,735308.0,735491.0,2020-03-25 10:59:23
2020-03-25 10:59:24,735087.0,735177.0,2020-03-25 10:59:24
2020-03-25 10:59:25,735087.0,735177.0,2020-03-25 10:59:25
2020-03-25 10:59:26,734274.0,734453.0,2020-03-25 10:59:26
2020-03-25 10:59:28,734480.0,734684.0,2020-03-25 10:59:28
2020-03-25 10:59:29,734480.0,734684.0,2020-03-25 10:59:29
2020-03-25 10:59:30,734601.0,734747.0,2020-03-25 10:59:30
2020-03-25 10:59:31,734601.0,734747.0,2020-03-25 10:59:31
2020-03-25 10:59:32,734603.0,734868.0,2020-03-25 10:59:32
2020-03-25 10:59:33,734603.0,734868.0,2020-03-25 10:59:33
2020-03-25 10:59:34,734500.0,734530.0,2020-03-25 10:59:34
2020-03-25 10:59:35,734500.0,734530.0,2020-03-25 10:59:35
2020-03-25 10:59:36,734527.0,734634.0,2020-03-25 10:59:36
2020-03-25 10:59:37,734527.0,734634.0,2020-03-25 10:59:37
2020-03-25 10:59:38,733990.0,734014.0,2020-03-25 10:59:38
2020-03-25 10:59:39,733990.0,734014.0,2020-03-25 10:59:39
2020-03-25 10:59:41,734214.0,734347.0,2020-03-25 10:59:40
2020-03-25 10:59:42,734214.0,734347.0,2020-03-25 10:59:42
2020-03-25 10:59:43,734209.0,734337.0,2020-03-25 10:59:43
2020-03-25 10:59:44,734209.0,734337.0,2020-03-25 10:59:44
2020-03-25 10:59:45,734165.0,734337.0,2020-03-25 10:59:45
2020-03-25 10:59:46,734165.0,734337.0,2020-03-25 10:59:46
2020-03-25 10:59:47,733991.0,734077.0,2020-03-25 10:59:47
2020-03-25 10:59:48,733991.0,734077.0,2020-03-25 10:59:48
2020-03-25 10:59:49,733991.0,734333.0,2020-03-25 10:59:49
2020-03-25 10:59:50,733991.0,734333.0,2020-03-25 10:59:50
2020-03-25 10:59:51,734164.0,734372.0,2020-03-25 10:59:51
2020-03-25 10:59:52,734164.0,734372.0,2020-03-25 10:59:52
2020-03-25 10:59:53,734157.0,734341.0,2020-03-25 10:59:53
2020-03-25 10:59:54,734157.0,734341.0,2020-03-25 10:59:54
2020-03-25 10:59:55,734157.0,734341.0,2020-03-25 10:59:55
2020-03-25 10:59:56,734157.0,734341.0,2020-03-25 10:59:56
2020-03-25 10:59:57,733878.0,734361.0,2020-03-25 10:59:57
2020-03-25 10:59:59,733878.0,734361.0,2020-03-25 10:59:58
2020-03-25 11:00:00,734053.0,734349.0,2020-03-25 11:00:00
2020-03-25 11:00:01,734053.0,734349.0,2020-03-25 11:00:01
2020-03-25 11:00:02,734060.0,734372.0,2020-03-25 11:00:02
2020-03-25 11:00:03,734060.0,734372.0,2020-03-25 11:00:03
2020-03-25 11:00:04,734438.0,734490.0,2020-03-25 11:00:04
2020-03-25 11:00:05,734438.0,734490.0,2020-03-25 11:00:05
2020-03-25 11:00:06,734284.0,734483.0,2020-03-25 11:00:06
2020-03-25 11:00:07,734284.0,734483.0,2020-03-25 11:00:07
2020-03-25 11:00:08,734289.0,734489.0,2020-03-25 11:00:08
2020-03-25 11:00:09,734289.0,734489.0,2020-03-25 11:00:09
2020-03-25 11:00:11,734138.0,734571.0,2020-03-25 11:00:10
2020-03-25 11:00:12,734138.0,734571.0,2020-03-25 11:00:12
2020-03-25 11:00:13,734138.0,734571.0,2020-03-25 11:00:13
2020-03-25 11:00:14,734138.0,734571.0,2020-03-25 11:00:14
2020-03-25 11:00:15,734372.0,734566.0,2020-03-25 11:00:15
2020-03-25 11:00:16,734372.0,734566.0,2020-03-25 11:00:16
2020-03-25 11:00:17,734381.0,734566.0,2020-03-25 11:00:17
2020-03-25 11:00:18,733990.0,734290.0,2020-03-25 11:00:18
2020-03-25 11:00:19,733990.0,734290.0,2020-03-25 11:00:19
2020-03-25 11:00:20,734329.0,734515.0,2020-03-25 11:00:20
2020-03-25 11:00:21,734329.0,734515.0,2020-03-25 11:00:21
2020-03-25 11:00:22,734756.0,735136.0,2020-03-25 11:00:22
2020-03-25 11:00:23,734756.0,735136.0,2020-03-25 11:00:23
2020-03-25 11:00:25,734758.0,735135.0,2020-03-25 11:00:24
2020-03-25 11:00:26,734758.0,735135.0,2020-03-25 11:00:26
2020-03-25 11:00:27,734946.0,735288.0,2020-03-25 11:00:27
2020-03-25 11:00:28,734946.0,735288.0,2020-03-25 11:00:28
2020-03-25 11:00:29,735028.0,735313.0,2020-03-25 11:00:29
2020-03-25 11:00:30,735028.0,735313.0,2020-03-25 11:00:30
2020-03-25 11:00:31,735333.0,735342.0,2020-03-25 11:00:31
2020-03-25 11:00:32,735333.0,735342.0,2020-03-25 11:00:32
2020-03-25 11:00:33,735426.0,735443.0,2020-03-25 11:00:33
2020-03-25 11:00:34,735426.0,735443.0,2020-03-25 11:00:34
2020-03-25 11:00:35,735426.0,735443.0,2020-03-25 11:00:35
2020-03-25 11:00:36,735426.0,735443.0,2020-03-25 11:00:36
2020-03-25 11:00:37,734945.0,735309.0,2020-03-25 11:00:37
2020-03-25 11:00:38,734945.0,735309.0,2020-03-25 11:00:38
2020-03-25 11:00:39,735162.0,735522.0,2020-03-25 11:00:39
2020-03-25 11:00:40,735162.0,735522.0,2020-03-25 11:00:40
2020-03-25 11:00:41,735163.0,735358.0,2020-03-25 11:00:41
2020-03-25 11:00:42,735163.0,735358.0,2020-03-25 11:00:42
2020-03-25 11:00:44,735187.0,735428.0,2020-03-25 11:00:43
2020-03-25 11:00:45,735187.0,735428.0,2020-03-25 11:00:45
2020-03-25 11:00:46,735187.0,735428.0,2020-03-25 11:00:46
2020-03-25 11:00:47,735187.0,735428.0,2020-03-25 11:00:47
2020-03-25 11:00:48,735192.0,735352.0,2020-03-25 11:00:48
2020-03-25 11:00:49,735192.0,735352.0,2020-03-25 11:00:49
2020-03-25 11:00:50,735633.0,735682.0,2020-03-25 11:00:50
2020-03-25 11:00:51,735633.0,735682.0,2020-03-25 11:00:51
2020-03-25 11:00:52,735251.0,735632.0,2020-03-25 11:00:52
2020-03-25 11:00:53,735251.0,735632.0,2020-03-25 11:00:53
2020-03-25 11:00:54,735274.0,735632.0,2020-03-25 11:00:54
2020-03-25 11:00:55,735274.0,735632.0,2020-03-25 11:00:55
2020-03-25 11:00:56,735648.0,735893.0,2020-03-25 11:00:56
2020-03-25 11:00:57,735648.0,735893.0,2020-03-25 11:00:57
2020-03-25 11:00:59,735729.0,736010.0,2020-03-25 11:00:58
2020-03-25 11:01:00,735729.0,736010.0,2020-03-25 11:01:00
2020-03-25 11:01:01,735729.0,736010.0,2020-03-25 11:01:01
2020-03-25 11:01:02,735729.0,736010.0,2020-03-25 11:01:02
2020-03-25 11:01:03,735729.0,736010.0,2020-03-25 11:01:03
2020-03-25 11:01:04,735729.0,736010.0,2020-03-25 11:01:04
2020-03-25 11:01:05,735729.0,736010.0,2020-03-25 11:01:05
2020-03-25 11:01:06,735729.0,736010.0,2020-03-25 11:01:06
2020-03-25 11:01:07,736207.0,736288.0,2020-03-25 11:01:07
2020-03-25 11:01:08,736207.0,736288.0,2020-03-25 11:01:08
2020-03-25 11:01:09,736224.0,736288.0,2020-03-25 11:01:09
2020-03-25 11:01:10,736224.0,736288.0,2020-03-25 11:01:10
2020-03-25 11:01:11,735811.0,735978.0,2020-03-25 11:01:11
2020-03-25 11:01:12,735811.0,735978.0,2020-03-25 11:01:12
2020-03-25 11:01:14,735837.0,735921.0,2020-03-25 11:01:13
2020-03-25 11:01:15,735837.0,735921.0,2020-03-25 11:01:15
2020-03-25 11:01:16,735630.0,735812.0,2020-03-25 11:01:16
2020-03-25 11:01:17,735630.0,735812.0,2020-03-25 11:01:17
2020-03-25 11:01:18,735490.0,735682.0,2020-03-25 11:01:18
2020-03-25 11:01:19,735490.0,735682.0,2020-03-25 11:01:19
2020-03-25 11:01:20,735545.0,735682.0,2020-03-25 11:01:20
2020-03-25 11:01:21,735545.0,735682.0,2020-03-25 11:01:21
2020-03-25 11:01:22,735817.0,735921.0,2020-03-25 11:01:22
2020-03-25 11:01:23,735817.0,735921.0,2020-03-25 11:01:23
2020-03-25 11:01:24,735203.0,735232.0,2020-03-25 11:01:24
2020-03-25 11:01:25,735203.0,735232.0,2020-03-25 11:01:25
2020-03-25 11:01:26,735500.0,735564.0,2020-03-25 11:01:26
2020-03-25 11:01:27,735500.0,735564.0,2020-03-25 11:01:27
2020-03-25 11:01:28,735297.0,735320.0,2020-03-25 11:01:28
2020-03-25 11:01:30,735297.0,735320.0,2020-03-25 11:01:29
2020-03-25 11:01:31,734969.0,735275.0,2020-03-25 11:01:31
2020-03-25 11:01:32,735247.0,735581.0,2020-03-25 11:01:32
2020-03-25 11:01:33,735247.0,735581.0,2020-03-25 11:01:33
2020-03-25 11:01:34,735240.0,735485.0,2020-03-25 11:01:34
2020-03-25 11:01:35,735240.0,735485.0,2020-03-25 11:01:35
2020-03-25 11:01:36,735648.0,735985.0,2020-03-25 11:01:36
2020-03-25 11:01:38,735648.0,735985.0,2020-03-25 11:01:38
2020-03-25 11:01:39,735587.0,735932.0,2020-03-25 11:01:39
2020-03-25 11:01:40,735587.0,735932.0,2020-03-25 11:01:40
2020-03-25 11:01:41,735662.0,735938.0,2020-03-25 11:01:41
2020-03-25 11:01:42,735662.0,735938.0,2020-03-25 11:01:42
2020-03-25 11:01:43,736296.0,736403.0,2020-03-25 11:01:43
2020-03-25 11:01:44,736296.0,736403.0,2020-03-25 11:01:44
2020-03-25 11:01:45,736346.0,736359.0,2020-03-25 11:01:45
2020-03-25 11:01:46,736346.0,736359.0,2020-03-25 11:01:46
2020-03-25 11:01:47,736305.0,736469.0,2020-03-25 11:01:47
2020-03-25 11:01:48,736305.0,736469.0,2020-03-25 11:01:48
2020-03-25 11:01:49,736305.0,736409.0,2020-03-25 11:01:49
2020-03-25 11:01:50,736305.0,736409.0,2020-03-25 11:01:50
2020-03-25 11:01:51,736310.0,736532.0,2020-03-25 11:01:51
2020-03-25 11:01:52,736310.0,736532.0,2020-03-25 11:01:52
2020-03-25 11:01:53,736413.0,736482.0,2020-03-25 11:01:53
2020-03-25 11:01:55,736413.0,736482.0,2020-03-25 11:01:54
2020-03-25 11:01:56,736413.0,736482.0,2020-03-25 11:01:56
2020-03-25 11:01:57,736413.0,736482.0,2020-03-25 11:01:57
2020-03-25 11:01:58,736484.0,736531.0,2020-03-25 11:01:58
2020-03-25 11:01:59,736431.0,736480.0,2020-03-25 11:01:59
2020-03-25 11:02:00,736481.0,736532.0,2020-03-25 11:02:00
2020-03-25 11:02:01,736431.0,736532.0,2020-03-25 11:02:01
2020-03-25 11:02:02,736431.0,736532.0,2020-03-25 11:02:02
2020-03-25 11:02:03,736413.0,736775.0,2020-03-25 11:02:03
2020-03-25 11:02:05,736413.0,736775.0,2020-03-25 11:02:04
2020-03-25 11:02:06,736305.0,736414.0,2020-03-25 11:02:06
2020-03-25 11:02:07,736305.0,736414.0,2020-03-25 11:02:07
2020-03-25 11:02:08,735779.0,735851.0,2020-03-25 11:02:08
2020-03-25 11:02:09,735779.0,735851.0,2020-03-25 11:02:09
2020-03-25 11:02:10,735560.0,736065.0,2020-03-25 11:02:10
2020-03-25 11:02:11,735560.0,736065.0,2020-03-25 11:02:11
2020-03-25 11:02:12,735800.0,736165.0,2020-03-25 11:02:12
2020-03-25 11:02:13,735800.0,736165.0,2020-03-25 11:02:13
2020-03-25 11:02:14,735586.0,735714.0,2020-03-25 11:02:14
2020-03-25 11:02:15,735586.0,735714.0,2020-03-25 11:02:15
2020-03-25 11:02:16,735763.0,735862.0,2020-03-25 11:02:16
2020-03-25 11:02:17,735763.0,735862.0,2020-03-25 11:02:17
2020-03-25 11:02:18,735764.0,735862.0,2020-03-25 11:02:18
2020-03-25 11:02:19,735764.0,735862.0,2020-03-25 11:02:19
2020-03-25 11:02:20,735950.0,736000.0,2020-03-25 11:02:20
2020-03-25 11:02:21,735950.0,736000.0,2020-03-25 11:02:21
2020-03-25 11:02:22,735893.0,735911.0,2020-03-25 11:02:22
2020-03-25 11:02:24,735893.0,735911.0,2020-03-25 11:02:23
2020-03-25 11:02:25,735602.0,735707.0,2020-03-25 11:02:25
2020-03-25 11:02:26,735602.0,735707.0,2020-03-25 11:02:26
2020-03-25 11:02:27,734918.0,735188.0,2020-03-25 11:02:27
2020-03-25 11:02:28,734918.0,735188.0,2020-03-25 11:02:28
2020-03-25 11:02:29,735030.0,735121.0,2020-03-25 11:02:29
2020-03-25 11:02:30,735030.0,735121.0,2020-03-25 11:02:30
2020-03-25 11:02:31,735036.0,735533.0,2020-03-25 11:02:31
2020-03-25 11:02:32,735036.0,735533.0,2020-03-25 11:02:32
2020-03-25 11:02:33,734956.0,735470.0,2020-03-25 11:02:33
2020-03-25 11:02:34,734956.0,735470.0,2020-03-25 11:02:34
2020-03-25 11:02:35,735111.0,735471.0,2020-03-25 11:02:35
2020-03-25 11:02:36,735111.0,735471.0,2020-03-25 11:02:36
2020-03-25 11:02:37,735113.0,735410.0,2020-03-25 11:02:37
2020-03-25 11:02:38,735113.0,735410.0,2020-03-25 11:02:38
2020-03-25 11:02:39,735111.0,735462.0,2020-03-25 11:02:39
2020-03-25 11:02:40,735111.0,735462.0,2020-03-25 11:02:40
2020-03-25 11:02:41,735126.0,735427.0,2020-03-25 11:02:41
2020-03-25 11:02:43,735126.0,735427.0,2020-03-25 11:02:42
2020-03-25 11:02:44,735127.0,735207.0,2020-03-25 11:02:44
2020-03-25 11:02:45,735127.0,735207.0,2020-03-25 11:02:45
2020-03-25 11:02:46,735265.0,735490.0,2020-03-25 11:02:46
2020-03-25 11:02:47,735265.0,735490.0,2020-03-25 11:02:47
2020-03-25 11:02:48,735490.0,735599.0,2020-03-25 11:02:48
2020-03-25 11:02:49,735490.0,735599.0,2020-03-25 11:02:49
2020-03-25 11:02:50,735297.0,735505.0,2020-03-25 11:02:50
2020-03-25 11:02:51,735297.0,735505.0,2020-03-25 11:02:51
2020-03-25 11:02:52,735240.0,735500.0,2020-03-25 11:02:52
2020-03-25 11:02:53,735240.0,735500.0,2020-03-25 11:02:53
2020-03-25 11:02:54,735316.0,735731.0,2020-03-25 11:02:54
2020-03-25 11:02:55,735316.0,735731.0,2020-03-25 11:02:55
2020-03-25 11:02:56,735316.0,735745.0,2020-03-25 11:02:56
2020-03-25 11:02:58,735316.0,735745.0,2020-03-25 11:02:57
2020-03-25 11:02:59,735316.0,735745.0,2020-03-25 11:02:59
2020-03-25 11:03:00,735316.0,735745.0,2020-03-25 11:03:00
2020-03-25 11:03:01,735316.0,735745.0,2020-03-25 11:03:01
2020-03-25 11:03:02,735316.0,735745.0,2020-03-25 11:03:02
2020-03-25 11:03:03,736142.0,736189.0,2020-03-25 11:03:03
2020-03-25 11:03:04,736142.0,736189.0,2020-03-25 11:03:04
2020-03-25 11:03:05,736011.0,736189.0,2020-03-25 11:03:05
2020-03-25 11:03:06,736011.0,736189.0,2020-03-25 11:03:06
2020-03-25 11:03:07,736061.0,736500.0,2020-03-25 11:03:07
2020-03-25 11:03:08,736061.0,736500.0,2020-03-25 11:03:08
2020-03-25 11:03:09,736131.0,736495.0,2020-03-25 11:03:09
2020-03-25 11:03:10,736131.0,736495.0,2020-03-25 11:03:10
2020-03-25 11:03:11,736131.0,736495.0,2020-03-25 11:03:11
2020-03-25 11:03:12,736181.0,736490.0,2020-03-25 11:03:12
2020-03-25 11:03:13,736181.0,736490.0,2020-03-25 11:03:13
2020-03-25 11:03:14,736234.0,736443.0,2020-03-25 11:03:14
2020-03-25 11:03:16,736234.0,736443.0,2020-03-25 11:03:15
2020-03-25 11:03:17,736234.0,736402.0,2020-03-25 11:03:17
2020-03-25 11:03:18,736234.0,736402.0,2020-03-25 11:03:18
2020-03-25 11:03:19,736234.0,736402.0,2020-03-25 11:03:19
2020-03-25 11:03:20,736234.0,736402.0,2020-03-25 11:03:20
2020-03-25 11:03:21,736280.0,736636.0,2020-03-25 11:03:21
2020-03-25 11:03:22,736280.0,736636.0,2020-03-25 11:03:22
2020-03-25 11:03:23,736595.0,736944.0,2020-03-25 11:03:23
2020-03-25 11:03:24,736595.0,736944.0,2020-03-25 11:03:24
2020-03-25 11:03:25,736698.0,736944.0,2020-03-25 11:03:25
2020-03-25 11:03:26,736698.0,736944.0,2020-03-25 11:03:26
2020-03-25 11:03:27,736698.0,736898.0,2020-03-25 11:03:27
2020-03-25 11:03:28,736698.0,736898.0,2020-03-25 11:03:28
2020-03-25 11:03:29,735986.0,736448.0,2020-03-25 11:03:29
2020-03-25 11:03:30,735986.0,736448.0,2020-03-25 11:03:30
2020-03-25 11:03:31,736322.0,736447.0,2020-03-25 11:03:31
2020-03-25 11:03:33,736322.0,736447.0,2020-03-25 11:03:32
2020-03-25 11:03:34,736199.0,736705.0,2020-03-25 11:03:34
2020-03-25 11:03:35,736199.0,736705.0,2020-03-25 11:03:35
2020-03-25 11:03:36,736218.0,736639.0,2020-03-25 11:03:36
2020-03-25 11:03:37,736218.0,736639.0,2020-03-25 11:03:37
2020-03-25 11:03:38,736258.0,736588.0,2020-03-25 11:03:38
2020-03-25 11:03:39,736258.0,736588.0,2020-03-25 11:03:39
2020-03-25 11:03:40,736174.0,736472.0,2020-03-25 11:03:40
2020-03-25 11:03:41,736174.0,736472.0,2020-03-25 11:03:41
2020-03-25 11:03:42,736174.0,736566.0,2020-03-25 11:03:42
2020-03-25 11:03:43,736174.0,736566.0,2020-03-25 11:03:43
2020-03-25 11:03:44,736258.0,736631.0,2020-03-25 11:03:44
2020-03-25 11:03:45,736258.0,736631.0,2020-03-25 11:03:45
2020-03-25 11:03:46,736258.0,736631.0,2020-03-25 11:03:46
2020-03-25 11:03:47,736258.0,736631.0,2020-03-25 11:03:47
2020-03-25 11:03:48,736258.0,736631.0,2020-03-25 11:03:48
2020-03-25 11:03:49,736258.0,736631.0,2020-03-25 11:03:49
2020-03-25 11:03:51,736141.0,736259.0,2020-03-25 11:03:50
2020-03-25 11:03:52,736141.0,736259.0,2020-03-25 11:03:52
2020-03-25 11:03:53,736285.0,736500.0,2020-03-25 11:03:53
2020-03-25 11:03:54,736285.0,736500.0,2020-03-25 11:03:54
2020-03-25 11:03:55,736630.0,736770.0,2020-03-25 11:03:55
2020-03-25 11:03:56,736630.0,736770.0,2020-03-25 11:03:56
2020-03-25 11:03:57,736665.0,736871.0,2020-03-25 11:03:57
2020-03-25 11:03:58,736665.0,736871.0,2020-03-25 11:03:58
2020-03-25 11:03:59,736665.0,736871.0,2020-03-25 11:03:59
2020-03-25 11:04:00,736665.0,736871.0,2020-03-25 11:04:00
2020-03-25 11:04:01,736665.0,736871.0,2020-03-25 11:04:01
2020-03-25 11:04:02,736665.0,736871.0,2020-03-25 11:04:02
2020-03-25 11:04:03,737133.0,737307.0,2020-03-25 11:04:03
2020-03-25 11:04:04,737133.0,737307.0,2020-03-25 11:04:04
2020-03-25 11:04:05,737133.0,737254.0,2020-03-25 11:04:05
2020-03-25 11:04:06,737133.0,737254.0,2020-03-25 11:04:06
2020-03-25 11:04:07,737224.0,737229.0,2020-03-25 11:04:07
2020-03-25 11:04:08,737224.0,737229.0,2020-03-25 11:04:08
2020-03-25 11:04:10,736916.0,737011.0,2020-03-25 11:04:09
2020-03-25 11:04:11,736916.0,737011.0,2020-03-25 11:04:11
2020-03-25 11:04:12,736909.0,737012.0,2020-03-25 11:04:12
2020-03-25 11:04:13,736909.0,737012.0,2020-03-25 11:04:13
2020-03-25 11:04:14,736914.0,737219.0,2020-03-25 11:04:14
2020-03-25 11:04:15,736914.0,737219.0,2020-03-25 11:04:15
2020-03-25 11:04:16,736975.0,737219.0,2020-03-25 11:04:16
2020-03-25 11:04:17,736975.0,737219.0,2020-03-25 11:04:17
2020-03-25 11:04:18,736979.0,737250.0,2020-03-25 11:04:18
2020-03-25 11:04:19,736979.0,737250.0,2020-03-25 11:04:19
2020-03-25 11:04:20,736449.0,736689.0,2020-03-25 11:04:20
2020-03-25 11:04:21,736449.0,736689.0,2020-03-25 11:04:21
2020-03-25 11:04:22,736708.0,736750.0,2020-03-25 11:04:22
2020-03-25 11:04:23,736708.0,736750.0,2020-03-25 11:04:23
2020-03-25 11:04:24,736448.0,736836.0,2020-03-25 11:04:24
2020-03-25 11:04:25,736448.0,736836.0,2020-03-25 11:04:25
2020-03-25 11:04:26,736591.0,736757.0,2020-03-25 11:04:26
2020-03-25 11:04:27,736591.0,736757.0,2020-03-25 11:04:27
2020-03-25 11:04:29,736591.0,736962.0,2020-03-25 11:04:28
2020-03-25 11:04:30,736591.0,736962.0,2020-03-25 11:04:30
2020-03-25 11:04:31,736566.0,736713.0,2020-03-25 11:04:31
2020-03-25 11:04:32,736566.0,736713.0,2020-03-25 11:04:32
2020-03-25 11:04:33,736088.0,736218.0,2020-03-25 11:04:33
2020-03-25 11:04:34,736088.0,736218.0,2020-03-25 11:04:34
2020-03-25 11:04:35,735879.0,736037.0,2020-03-25 11:04:35
2020-03-25 11:04:36,735879.0,736037.0,2020-03-25 11:04:36
2020-03-25 11:04:37,735887.0,736048.0,2020-03-25 11:04:37
2020-03-25 11:04:38,735887.0,736048.0,2020-03-25 11:04:38
2020-03-25 11:04:39,736224.0,736449.0,2020-03-25 11:04:39
2020-03-25 11:04:40,736224.0,736449.0,2020-03-25 11:04:40
2020-03-25 11:04:41,736614.0,736648.0,2020-03-25 11:04:41
2020-03-25 11:04:42,736614.0,736648.0,2020-03-25 11:04:42
2020-03-25 11:04:43,736479.0,736833.0,2020-03-25 11:04:43
2020-03-25 11:04:44,736479.0,736833.0,2020-03-25 11:04:44
2020-03-25 11:04:45,736495.0,736497.0,2020-03-25 11:04:45
2020-03-25 11:04:46,736495.0,736497.0,2020-03-25 11:04:46
2020-03-25 11:04:48,736508.0,736587.0,2020-03-25 11:04:47
2020-03-25 11:04:49,736508.0,736587.0,2020-03-25 11:04:49
2020-03-25 11:04:50,736508.0,736526.0,2020-03-25 11:04:50
2020-03-25 11:04:51,736508.0,736526.0,2020-03-25 11:04:51
2020-03-25 11:04:52,736302.0,736500.0,2020-03-25 11:04:52
2020-03-25 11:04:53,736302.0,736500.0,2020-03-25 11:04:53
2020-03-25 11:04:54,736352.0,736647.0,2020-03-25 11:04:54
2020-03-25 11:04:55,736352.0,736647.0,2020-03-25 11:04:55
2020-03-25 11:04:56,736373.0,736681.0,2020-03-25 11:04:56
2020-03-25 11:04:57,736373.0,736681.0,2020-03-25 11:04:57
2020-03-25 11:04:58,736373.0,736640.0,2020-03-25 11:04:58
2020-03-25 11:04:59,736373.0,736640.0,2020-03-25 11:04:59
2020-03-25 11:05:00,736373.0,736640.0,2020-03-25 11:05:00
2020-03-25 11:05:01,736373.0,736640.0,2020-03-25 11:05:01
2020-03-25 11:05:02,736268.0,736423.0,2020-03-25 11:05:02
2020-03-25 11:05:03,736268.0,736423.0,2020-03-25 11:05:03
2020-03-25 11:05:04,736413.0,736423.0,2020-03-25 11:05:04
2020-03-25 11:05:06,736413.0,736423.0,2020-03-25 11:05:05
2020-03-25 11:05:07,736502.0,736511.0,2020-03-25 11:05:07
2020-03-25 11:05:08,736502.0,736511.0,2020-03-25 11:05:08
2020-03-25 11:05:09,736133.0,736482.0,2020-03-25 11:05:09
2020-03-25 11:05:10,736133.0,736482.0,2020-03-25 11:05:10
2020-03-25 11:05:11,736107.0,736677.0,2020-03-25 11:05:11
2020-03-25 11:05:12,736107.0,736677.0,2020-03-25 11:05:12
2020-03-25 11:05:13,736194.0,736618.0,2020-03-25 11:05:13
2020-03-25 11:05:14,736194.0,736618.0,2020-03-25 11:05:14
2020-03-25 11:05:15,736140.0,736604.0,2020-03-25 11:05:15
2020-03-25 11:05:16,736140.0,736604.0,2020-03-25 11:05:16
2020-03-25 11:05:17,736380.0,736604.0,2020-03-25 11:05:17
2020-03-25 11:05:18,736380.0,736604.0,2020-03-25 11:05:18
2020-03-25 11:05:19,736425.0,736618.0,2020-03-25 11:05:19
2020-03-25 11:05:20,736425.0,736618.0,2020-03-25 11:05:20
2020-03-25 11:05:21,736250.0,736495.0,2020-03-25 11:05:21
2020-03-25 11:05:22,736250.0,736495.0,2020-03-25 11:05:22
2020-03-25 11:05:23,736348.0,736605.0,2020-03-25 11:05:23
2020-03-25 11:05:24,736348.0,736605.0,2020-03-25 11:05:24
2020-03-25 11:05:26,736399.0,736652.0,2020-03-25 11:05:25
2020-03-25 11:05:27,736399.0,736652.0,2020-03-25 11:05:27
2020-03-25 11:05:28,736250.0,736619.0,2020-03-25 11:05:28
2020-03-25 11:05:29,736250.0,736619.0,2020-03-25 11:05:29
2020-03-25 11:05:30,736250.0,736719.0,2020-03-25 11:05:30
2020-03-25 11:05:31,736250.0,736719.0,2020-03-25 11:05:31
2020-03-25 11:05:32,736250.0,736619.0,2020-03-25 11:05:32
2020-03-25 11:05:33,736250.0,736619.0,2020-03-25 11:05:33
2020-03-25 11:05:34,735868.0,735898.0,2020-03-25 11:05:34
2020-03-25 11:05:35,735868.0,735898.0,2020-03-25 11:05:35
2020-03-25 11:05:36,735949.0,736132.0,2020-03-25 11:05:36
2020-03-25 11:05:37,735949.0,736132.0,2020-03-25 11:05:37
2020-03-25 11:05:38,735950.0,736160.0,2020-03-25 11:05:38
2020-03-25 11:05:39,735950.0,736160.0,2020-03-25 11:05:39
2020-03-25 11:05:40,736154.0,736226.0,2020-03-25 11:05:40
2020-03-25 11:05:41,736154.0,736226.0,2020-03-25 11:05:41
2020-03-25 11:05:42,735991.0,736226.0,2020-03-25 11:05:42
2020-03-25 11:05:43,735991.0,736226.0,2020-03-25 11:05:43
2020-03-25 11:05:45,735991.0,736221.0,2020-03-25 11:05:44
2020-03-25 11:05:46,735991.0,736221.0,2020-03-25 11:05:46
2020-03-25 11:05:47,735490.0,735872.0,2020-03-25 11:05:47
2020-03-25 11:05:48,735490.0,735872.0,2020-03-25 11:05:48
2020-03-25 11:05:49,735551.0,735990.0,2020-03-25 11:05:49
2020-03-25 11:05:50,735551.0,735990.0,2020-03-25 11:05:50
2020-03-25 11:05:51,735551.0,735740.0,2020-03-25 11:05:51
2020-03-25 11:05:52,735551.0,735740.0,2020-03-25 11:05:52
2020-03-25 11:05:53,735931.0,736011.0,2020-03-25 11:05:53
2020-03-25 11:05:54,735931.0,736011.0,2020-03-25 11:05:54
2020-03-25 11:05:55,736147.0,736151.0,2020-03-25 11:05:55
2020-03-25 11:05:56,736147.0,736151.0,2020-03-25 11:05:56
2020-03-25 11:05:57,736020.0,736297.0,2020-03-25 11:05:57
2020-03-25 11:05:58,736020.0,736297.0,2020-03-25 11:05:58
2020-03-25 11:05:59,736249.0,736490.0,2020-03-25 11:05:59
2020-03-25 11:06:00,736249.0,736490.0,2020-03-25 11:06:00
2020-03-25 11:06:02,736249.0,736490.0,2020-03-25 11:06:01
2020-03-25 11:06:03,736249.0,736490.0,2020-03-25 11:06:03
2020-03-25 11:06:04,736249.0,736490.0,2020-03-25 11:06:04
2020-03-25 11:06:05,735908.0,736423.0,2020-03-25 11:06:05
2020-03-25 11:06:06,735908.0,736423.0,2020-03-25 11:06:06
2020-03-25 11:06:07,735866.0,736359.0,2020-03-25 11:06:07
2020-03-25 11:06:08,735866.0,736359.0,2020-03-25 11:06:08
2020-03-25 11:06:09,735871.0,736359.0,2020-03-25 11:06:09
2020-03-25 11:06:10,735871.0,736359.0,2020-03-25 11:06:10
2020-03-25 11:06:11,735917.0,736240.0,2020-03-25 11:06:11
2020-03-25 11:06:12,735917.0,736240.0,2020-03-25 11:06:12
2020-03-25 11:06:13,736153.0,736179.0,2020-03-25 11:06:13
2020-03-25 11:06:15,736153.0,736179.0,2020-03-25 11:06:14
2020-03-25 11:06:16,735909.0,736235.0,2020-03-25 11:06:16
2020-03-25 11:06:17,735909.0,736235.0,2020-03-25 11:06:17
2020-03-25 11:06:18,735909.0,736136.0,2020-03-25 11:06:18
2020-03-25 11:06:19,735909.0,736136.0,2020-03-25 11:06:19
2020-03-25 11:06:20,735839.0,736136.0,2020-03-25 11:06:20
2020-03-25 11:06:21,735839.0,736136.0,2020-03-25 11:06:21
2020-03-25 11:06:22,735990.0,736258.0,2020-03-25 11:06:22
2020-03-25 11:06:23,735990.0,736258.0,2020-03-25 11:06:23
2020-03-25 11:06:24,735990.0,736245.0,2020-03-25 11:06:24
2020-03-25 11:06:25,735990.0,736245.0,2020-03-25 11:06:25
2020-03-25 11:06:26,736314.0,736455.0,2020-03-25 11:06:26
2020-03-25 11:06:27,736314.0,736455.0,2020-03-25 11:06:27
2020-03-25 11:06:28,736585.0,736769.0,2020-03-25 11:06:28
2020-03-25 11:06:29,736585.0,736769.0,2020-03-25 11:06:29
2020-03-25 11:06:30,736585.0,736818.0,2020-03-25 11:06:30
2020-03-25 11:06:31,736585.0,736818.0,2020-03-25 11:06:31
2020-03-25 11:06:32,736633.0,736873.0,2020-03-25 11:06:32
2020-03-25 11:06:34,736633.0,736873.0,2020-03-25 11:06:33
2020-03-25 11:06:35,736653.0,736867.0,2020-03-25 11:06:35
2020-03-25 11:06:36,736653.0,736867.0,2020-03-25 11:06:36
2020-03-25 11:06:37,736652.0,736817.0,2020-03-25 11:06:37
2020-03-25 11:06:38,736652.0,736817.0,2020-03-25 11:06:38
2020-03-25 11:06:39,736651.0,736690.0,2020-03-25 11:06:39
2020-03-25 11:06:40,736651.0,736690.0,2020-03-25 11:06:40
2020-03-25 11:06:41,736656.0,736690.0,2020-03-25 11:06:41
2020-03-25 11:06:42,736656.0,736690.0,2020-03-25 11:06:42
2020-03-25 11:06:43,736136.0,736254.0,2020-03-25 11:06:43
2020-03-25 11:06:44,736136.0,736254.0,2020-03-25 11:06:44
2020-03-25 11:06:45,736136.0,736254.0,2020-03-25 11:06:45
2020-03-25 11:06:46,736136.0,736254.0,2020-03-25 11:06:46
2020-03-25 11:06:47,735886.0,736227.0,2020-03-25 11:06:47
2020-03-25 11:06:48,735886.0,736227.0,2020-03-25 11:06:48
2020-03-25 11:06:49,735886.0,736227.0,2020-03-25 11:06:49
2020-03-25 11:06:50,735886.0,736227.0,2020-03-25 11:06:50
2020-03-25 11:06:51,736205.0,736226.0,2020-03-25 11:06:51
2020-03-25 11:06:53,736205.0,736226.0,2020-03-25 11:06:52
2020-03-25 11:06:54,735938.0,736194.0,2020-03-25 11:06:54
2020-03-25 11:06:55,735938.0,736194.0,2020-03-25 11:06:55
2020-03-25 11:06:56,735887.0,736226.0,2020-03-25 11:06:56
2020-03-25 11:06:57,735887.0,736226.0,2020-03-25 11:06:57
2020-03-25 11:06:58,735887.0,736223.0,2020-03-25 11:06:58
2020-03-25 11:06:59,735887.0,736223.0,2020-03-25 11:06:59
2020-03-25 11:07:00,735887.0,736223.0,2020-03-25 11:07:00
2020-03-25 11:07:01,735887.0,736223.0,2020-03-25 11:07:01
2020-03-25 11:07:02,736053.0,736226.0,2020-03-25 11:07:02
2020-03-25 11:07:03,736053.0,736226.0,2020-03-25 11:07:03
2020-03-25 11:07:04,736181.0,736225.0,2020-03-25 11:07:04
2020-03-25 11:07:05,736181.0,736225.0,2020-03-25 11:07:05
2020-03-25 11:07:06,736054.0,736225.0,2020-03-25 11:07:06
2020-03-25 11:07:07,736054.0,736225.0,2020-03-25 11:07:07
2020-03-25 11:07:08,736130.0,736388.0,2020-03-25 11:07:08
2020-03-25 11:07:09,736130.0,736388.0,2020-03-25 11:07:09
2020-03-25 11:07:11,736130.0,736320.0,2020-03-25 11:07:10
2020-03-25 11:07:12,736130.0,736320.0,2020-03-25 11:07:12
2020-03-25 11:07:13,735940.0,736308.0,2020-03-25 11:07:13
2020-03-25 11:07:14,735940.0,736308.0,2020-03-25 11:07:14
2020-03-25 11:07:15,735941.0,736295.0,2020-03-25 11:07:15
2020-03-25 11:07:16,735941.0,736295.0,2020-03-25 11:07:16
2020-03-25 11:07:17,735892.0,736229.0,2020-03-25 11:07:17
2020-03-25 11:07:18,735892.0,736229.0,2020-03-25 11:07:18
2020-03-25 11:07:19,735899.0,736229.0,2020-03-25 11:07:19
2020-03-25 11:07:20,735899.0,736229.0,2020-03-25 11:07:20
2020-03-25 11:07:21,736162.0,736377.0,2020-03-25 11:07:21
2020-03-25 11:07:22,736162.0,736377.0,2020-03-25 11:07:22
2020-03-25 11:07:23,736229.0,736377.0,2020-03-25 11:07:23
2020-03-25 11:07:24,736229.0,736377.0,2020-03-25 11:07:24
2020-03-25 11:07:25,736229.0,736390.0,2020-03-25 11:07:25
2020-03-25 11:07:26,736229.0,736390.0,2020-03-25 11:07:26
2020-03-25 11:07:27,736229.0,736377.0,2020-03-25 11:07:27
2020-03-25 11:07:28,736229.0,736377.0,2020-03-25 11:07:28
2020-03-25 11:07:30,736229.0,736378.0,2020-03-25 11:07:29
2020-03-25 11:07:31,736229.0,736378.0,2020-03-25 11:07:31
2020-03-25 11:07:32,736229.0,736437.0,2020-03-25 11:07:32
2020-03-25 11:07:33,736229.0,736437.0,2020-03-25 11:07:33
2020-03-25 11:07:34,736229.0,736425.0,2020-03-25 11:07:34
2020-03-25 11:07:35,736229.0,736425.0,2020-03-25 11:07:35
2020-03-25 11:07:36,736229.0,736425.0,2020-03-25 11:07:36
2020-03-25 11:07:37,736229.0,736425.0,2020-03-25 11:07:37
2020-03-25 11:07:38,736019.0,736414.0,2020-03-25 11:07:38
2020-03-25 11:07:39,736019.0,736414.0,2020-03-25 11:07:39
2020-03-25 11:07:40,736024.0,736414.0,2020-03-25 11:07:40
2020-03-25 11:07:41,736024.0,736414.0,2020-03-25 11:07:41
2020-03-25 11:07:42,736229.0,736405.0,2020-03-25 11:07:42
2020-03-25 11:07:43,736229.0,736405.0,2020-03-25 11:07:43
2020-03-25 11:07:44,736229.0,736416.0,2020-03-25 11:07:44
2020-03-25 11:07:45,736229.0,736416.0,2020-03-25 11:07:45
2020-03-25 11:07:46,736025.0,736416.0,2020-03-25 11:07:46
2020-03-25 11:07:47,736025.0,736416.0,2020-03-25 11:07:47
2020-03-25 11:07:49,736030.0,736398.0,2020-03-25 11:07:48
2020-03-25 11:07:50,736030.0,736398.0,2020-03-25 11:07:50
2020-03-25 11:07:51,736025.0,736229.0,2020-03-25 11:07:51
2020-03-25 11:07:52,736025.0,736229.0,2020-03-25 11:07:52
2020-03-25 11:07:53,735670.0,735847.0,2020-03-25 11:07:53
2020-03-25 11:07:54,735670.0,735847.0,2020-03-25 11:07:54
2020-03-25 11:07:55,735186.0,735352.0,2020-03-25 11:07:55
2020-03-25 11:07:57,735236.0,735351.0,2020-03-25 11:07:56
2020-03-25 11:07:58,735236.0,735351.0,2020-03-25 11:07:58
2020-03-25 11:07:59,735003.0,735138.0,2020-03-25 11:07:59
2020-03-25 11:08:00,735003.0,735138.0,2020-03-25 11:08:00
2020-03-25 11:08:01,734785.0,735088.0,2020-03-25 11:08:01
2020-03-25 11:08:02,734785.0,735088.0,2020-03-25 11:08:02
2020-03-25 11:08:03,734785.0,735088.0,2020-03-25 11:08:03
2020-03-25 11:08:04,734785.0,735088.0,2020-03-25 11:08:04
2020-03-25 11:08:05,734785.0,735088.0,2020-03-25 11:08:05
2020-03-25 11:08:06,734785.0,735088.0,2020-03-25 11:08:06
2020-03-25 11:08:07,735058.0,735287.0,2020-03-25 11:08:07
2020-03-25 11:08:08,735058.0,735287.0,2020-03-25 11:08:08
2020-03-25 11:08:09,735058.0,735221.0,2020-03-25 11:08:09
2020-03-25 11:08:10,735058.0,735221.0,2020-03-25 11:08:10
2020-03-25 11:08:12,734617.0,734923.0,2020-03-25 11:08:11
2020-03-25 11:08:13,734617.0,734923.0,2020-03-25 11:08:13
2020-03-25 11:08:14,735194.0,735579.0,2020-03-25 11:08:14
2020-03-25 11:08:15,735194.0,735579.0,2020-03-25 11:08:15
2020-03-25 11:08:16,735415.0,735620.0,2020-03-25 11:08:16
2020-03-25 11:08:17,735415.0,735620.0,2020-03-25 11:08:17
2020-03-25 11:08:18,735579.0,735741.0,2020-03-25 11:08:18
2020-03-25 11:08:19,735579.0,735741.0,2020-03-25 11:08:19
