timestamp,bid,ask,tick_timestamp
2021-04-13 17:43:35,6851923.0,6851924.0,2021-04-13 17:43:35
2021-04-13 17:43:38,6845280.0,6845281.0,2021-04-13 17:43:38
2021-04-13 17:43:41,6844444.0,6845281.0,2021-04-13 17:43:41
2021-04-13 17:43:44,6844444.0,6844445.0,2021-04-13 17:43:44
2021-04-13 17:43:47,6842836.0,6842837.0,2021-04-13 17:43:47
2021-04-13 17:43:50,6841241.0,6841379.0,2021-04-13 17:43:50
2021-04-13 17:43:53,6841378.0,6841379.0,2021-04-13 17:43:53
2021-04-13 17:43:57,6846028.0,6848301.0,2021-04-13 17:43:56
2021-04-13 17:44:00,6846032.0,6847617.0,2021-04-13 17:44:00
2021-04-13 17:44:03,6844575.0,6844576.0,2021-04-13 17:44:03
2021-04-13 17:44:06,6841295.0,6841296.0,2021-04-13 17:44:06
2021-04-13 17:44:09,6840010.0,6840011.0,2021-04-13 17:44:09
2021-04-13 17:44:12,6840010.0,6840011.0,2021-04-13 17:44:12
2021-04-13 17:44:15,6840010.0,6840011.0,2021-04-13 17:44:15
2021-04-13 17:44:18,6840011.0,6840199.0,2021-04-13 17:44:18
2021-04-13 17:44:21,6840016.0,6840199.0,2021-04-13 17:44:21
2021-04-13 17:44:24,6840018.0,6840021.0,2021-04-13 17:44:24
2021-04-13 17:44:27,6840014.0,6840157.0,2021-04-13 17:44:27
2021-04-13 17:44:30,6840657.0,6843834.0,2021-04-13 17:44:30
2021-04-13 17:44:33,6840661.0,6843716.0,2021-04-13 17:44:33
2021-04-13 17:44:36,6841832.0,6843845.0,2021-04-13 17:44:36
2021-04-13 17:44:39,6841837.0,6843844.0,2021-04-13 17:44:39
2021-04-13 17:44:43,6843724.0,6843845.0,2021-04-13 17:44:42
2021-04-13 17:44:46,6843848.0,6844000.0,2021-04-13 17:44:46
2021-04-13 17:44:49,6843851.0,6843996.0,2021-04-13 17:44:49
2021-04-13 17:44:52,6843854.0,6843999.0,2021-04-13 17:44:52
2021-04-13 17:44:55,6843857.0,6844000.0,2021-04-13 17:44:55
2021-04-13 17:44:58,6843717.0,6843843.0,2021-04-13 17:44:58
2021-04-13 17:45:01,6843718.0,6843843.0,2021-04-13 17:45:01
2021-04-13 17:45:04,6843719.0,6843844.0,2021-04-13 17:45:04
2021-04-13 17:45:07,6843843.0,6843844.0,2021-04-13 17:45:07
2021-04-13 17:45:10,6843843.0,6843844.0,2021-04-13 17:45:10
2021-04-13 17:45:14,6843843.0,6843844.0,2021-04-13 17:45:14
2021-04-13 17:45:17,6843843.0,6843844.0,2021-04-13 17:45:17
2021-04-13 17:45:20,6843854.0,6843855.0,2021-04-13 17:45:20
2021-04-13 17:45:23,6843854.0,6843855.0,2021-04-13 17:45:23
2021-04-13 17:45:26,6841702.0,6843853.0,2021-04-13 17:45:26
2021-04-13 17:45:29,6843844.0,6843848.0,2021-04-13 17:45:29
2021-04-13 17:45:33,6843844.0,6843845.0,2021-04-13 17:45:33
2021-04-13 17:45:36,6843844.0,6843845.0,2021-04-13 17:45:36
2021-04-13 17:45:39,6843844.0,6843845.0,2021-04-13 17:45:39
2021-04-13 17:45:42,6843844.0,6843845.0,2021-04-13 17:45:42
2021-04-13 17:45:45,6843844.0,6843845.0,2021-04-13 17:45:45
2021-04-13 17:45:48,6843844.0,6843845.0,2021-04-13 17:45:48
2021-04-13 17:45:51,6843844.0,6843845.0,2021-04-13 17:45:51
2021-04-13 17:45:54,6843844.0,6843845.0,2021-04-13 17:45:54
2021-04-13 17:45:57,6840000.0,6843843.0,2021-04-13 17:45:57
2021-04-13 17:46:00,6840000.0,6840001.0,2021-04-13 17:46:00
2021-04-13 17:46:03,6840000.0,6840001.0,2021-04-13 17:46:03
2021-04-13 17:46:06,6840000.0,6840001.0,2021-04-13 17:46:06
2021-04-13 17:46:10,6840000.0,6840001.0,2021-04-13 17:46:09
2021-04-13 17:46:13,6835001.0,6837373.0,2021-04-13 17:46:13
2021-04-13 17:46:16,6835001.0,6835002.0,2021-04-13 17:46:16
2021-04-13 17:46:19,6835001.0,6835002.0,2021-04-13 17:46:19
2021-04-13 17:46:22,6832856.0,6832861.0,2021-04-13 17:46:22
2021-04-13 17:46:25,6832148.0,6832851.0,2021-04-13 17:46:25
2021-04-13 17:46:28,6830906.0,6832149.0,2021-04-13 17:46:28
2021-04-13 17:46:31,6830906.0,6832145.0,2021-04-13 17:46:31
2021-04-13 17:46:34,6830906.0,6830907.0,2021-04-13 17:46:34
2021-04-13 17:46:38,6830908.0,6832937.0,2021-04-13 17:46:37
2021-04-13 17:46:41,6830906.0,6830907.0,2021-04-13 17:46:41
2021-04-13 17:46:44,6830901.0,6830902.0,2021-04-13 17:46:44
2021-04-13 17:46:47,6830199.0,6830899.0,2021-04-13 17:46:47
2021-04-13 17:46:50,6830000.0,6830199.0,2021-04-13 17:46:50
2021-04-13 17:46:53,6830000.0,6830193.0,2021-04-13 17:46:53
2021-04-13 17:46:56,6830000.0,6830001.0,2021-04-13 17:46:56
2021-04-13 17:46:59,6830000.0,6830001.0,2021-04-13 17:46:59
2021-04-13 17:47:03,6828001.0,6829209.0,2021-04-13 17:47:02
2021-04-13 17:47:06,6825199.0,6826326.0,2021-04-13 17:47:06
2021-04-13 17:47:09,6825199.0,6826318.0,2021-04-13 17:47:09
2021-04-13 17:47:12,6819131.0,6826310.0,2021-04-13 17:47:12
2021-04-13 17:47:15,6819443.0,6824005.0,2021-04-13 17:47:15
2021-04-13 17:47:18,6821472.0,6823999.0,2021-04-13 17:47:18
2021-04-13 17:47:21,6824001.0,6824010.0,2021-04-13 17:47:21
2021-04-13 17:47:24,6826309.0,6826310.0,2021-04-13 17:47:24
2021-04-13 17:47:27,6826742.0,6829960.0,2021-04-13 17:47:27
2021-04-13 17:47:31,6826738.0,6829955.0,2021-04-13 17:47:31
2021-04-13 17:47:34,6826085.0,6826086.0,2021-04-13 17:47:34
2021-04-13 17:47:37,6822699.0,6824689.0,2021-04-13 17:47:37
2021-04-13 17:47:40,6821623.0,6823844.0,2021-04-13 17:47:40
2021-04-13 17:47:43,6822513.0,6823301.0,2021-04-13 17:47:43
2021-04-13 17:47:46,6823299.0,6823845.0,2021-04-13 17:47:46
2021-04-13 17:47:49,6822509.0,6823301.0,2021-04-13 17:47:49
2021-04-13 17:47:52,6823297.0,6823298.0,2021-04-13 17:47:52
2021-04-13 17:47:55,6823301.0,6823302.0,2021-04-13 17:47:55
2021-04-13 17:47:59,6818736.0,6823301.0,2021-04-13 17:47:58
2021-04-13 17:48:02,6821083.0,6823296.0,2021-04-13 17:48:02
2021-04-13 17:48:05,6823844.0,6823845.0,2021-04-13 17:48:05
2021-04-13 17:48:08,6823844.0,6823845.0,2021-04-13 17:48:08
2021-04-13 17:48:11,6825999.0,6826000.0,2021-04-13 17:48:11
2021-04-13 17:48:14,6825999.0,6826000.0,2021-04-13 17:48:14
2021-04-13 17:48:17,6825999.0,6826000.0,2021-04-13 17:48:17
2021-04-13 17:48:21,6826084.0,6826085.0,2021-04-13 17:48:20
2021-04-13 17:48:24,6826084.0,6826085.0,2021-04-13 17:48:24
2021-04-13 17:48:27,6826084.0,6826085.0,2021-04-13 17:48:27
2021-04-13 17:48:30,6826085.0,6826100.0,2021-04-13 17:48:30
2021-04-13 17:48:33,6828741.0,6828742.0,2021-04-13 17:48:33
2021-04-13 17:48:36,6828741.0,6828742.0,2021-04-13 17:48:36
2021-04-13 17:48:39,6829999.0,6830000.0,2021-04-13 17:48:39
2021-04-13 17:48:42,6829999.0,6830000.0,2021-04-13 17:48:42
2021-04-13 17:48:45,6829999.0,6830000.0,2021-04-13 17:48:45
2021-04-13 17:48:48,6830800.0,6830801.0,2021-04-13 17:48:48
2021-04-13 17:48:51,6832010.0,6832502.0,2021-04-13 17:48:51
2021-04-13 17:48:54,6834001.0,6836227.0,2021-04-13 17:48:54
2021-04-13 17:48:57,6830074.0,6830075.0,2021-04-13 17:48:57
2021-04-13 17:49:00,6830074.0,6830075.0,2021-04-13 17:49:00
2021-04-13 17:49:03,6830074.0,6830075.0,2021-04-13 17:49:03
2021-04-13 17:49:06,6834732.0,6835800.0,2021-04-13 17:49:06
2021-04-13 17:49:10,6836443.0,6837023.0,2021-04-13 17:49:09
2021-04-13 17:49:13,6836231.0,6836233.0,2021-04-13 17:49:13
2021-04-13 17:49:16,6835803.0,6836229.0,2021-04-13 17:49:16
2021-04-13 17:49:19,6836221.0,6836226.0,2021-04-13 17:49:19
2021-04-13 17:49:22,6836224.0,6837386.0,2021-04-13 17:49:22
2021-04-13 17:49:25,6835801.0,6836195.0,2021-04-13 17:49:25
2021-04-13 17:49:28,6835801.0,6836042.0,2021-04-13 17:49:28
2021-04-13 17:49:31,6835801.0,6835802.0,2021-04-13 17:49:31
2021-04-13 17:49:34,6835801.0,6835802.0,2021-04-13 17:49:34
2021-04-13 17:49:38,6830978.0,6834937.0,2021-04-13 17:49:37
2021-04-13 17:49:41,6830979.0,6834931.0,2021-04-13 17:49:41
2021-04-13 17:49:44,6830981.0,6833855.0,2021-04-13 17:49:44
2021-04-13 17:49:47,6830538.0,6833846.0,2021-04-13 17:49:47
2021-04-13 17:49:50,6833160.0,6835240.0,2021-04-13 17:49:50
2021-04-13 17:49:53,6833653.0,6835241.0,2021-04-13 17:49:53
2021-04-13 17:49:56,6833649.0,6835241.0,2021-04-13 17:49:56
2021-04-13 17:49:59,6835804.0,6836000.0,2021-04-13 17:49:59
2021-04-13 17:50:02,6835807.0,6836231.0,2021-04-13 17:50:02
2021-04-13 17:50:05,6836231.0,6836232.0,2021-04-13 17:50:05
2021-04-13 17:50:08,6836231.0,6836232.0,2021-04-13 17:50:08
2021-04-13 17:50:12,6836231.0,6836232.0,2021-04-13 17:50:11
2021-04-13 17:50:15,6836231.0,6836232.0,2021-04-13 17:50:15
2021-04-13 17:50:18,6836231.0,6836232.0,2021-04-13 17:50:18
2021-04-13 17:50:21,6836231.0,6836232.0,2021-04-13 17:50:21
2021-04-13 17:50:24,6837382.0,6837383.0,2021-04-13 17:50:24
2021-04-13 17:50:27,6837382.0,6837383.0,2021-04-13 17:50:27
2021-04-13 17:50:30,6837382.0,6837383.0,2021-04-13 17:50:30
2021-04-13 17:50:33,6837385.0,6837386.0,2021-04-13 17:50:33
2021-04-13 17:50:36,6837385.0,6837386.0,2021-04-13 17:50:36
2021-04-13 17:50:39,6837385.0,6837386.0,2021-04-13 17:50:39
2021-04-13 17:50:42,6837385.0,6837386.0,2021-04-13 17:50:42
2021-04-13 17:50:45,6837385.0,6837386.0,2021-04-13 17:50:45
2021-04-13 17:50:48,6837385.0,6837386.0,2021-04-13 17:50:48
2021-04-13 17:50:51,6837385.0,6837386.0,2021-04-13 17:50:51
2021-04-13 17:50:54,6837385.0,6837386.0,2021-04-13 17:50:54
2021-04-13 17:50:57,6837385.0,6837386.0,2021-04-13 17:50:57
2021-04-13 17:51:01,6837385.0,6837386.0,2021-04-13 17:51:00
2021-04-13 17:51:04,6837385.0,6837386.0,2021-04-13 17:51:04
2021-04-13 17:51:07,6837385.0,6837386.0,2021-04-13 17:51:07
2021-04-13 17:51:10,6837385.0,6837386.0,2021-04-13 17:51:10
2021-04-13 17:51:13,6839979.0,6839980.0,2021-04-13 17:51:13
2021-04-13 17:51:16,6839979.0,6839980.0,2021-04-13 17:51:16
2021-04-13 17:51:19,6839999.0,6840000.0,2021-04-13 17:51:19
2021-04-13 17:51:22,6839999.0,6840000.0,2021-04-13 17:51:22
2021-04-13 17:51:25,6839999.0,6840000.0,2021-04-13 17:51:25
2021-04-13 17:51:29,6840010.0,6840801.0,2021-04-13 17:51:28
2021-04-13 17:51:32,6843115.0,6843116.0,2021-04-13 17:51:32
2021-04-13 17:51:35,6843854.0,6843855.0,2021-04-13 17:51:35
2021-04-13 17:51:38,6843854.0,6843855.0,2021-04-13 17:51:38
2021-04-13 17:51:41,6843854.0,6843855.0,2021-04-13 17:51:41
2021-04-13 17:51:44,6843854.0,6843855.0,2021-04-13 17:51:44
2021-04-13 17:51:47,6843854.0,6843855.0,2021-04-13 17:51:47
2021-04-13 17:51:50,6843854.0,6843855.0,2021-04-13 17:51:50
2021-04-13 17:51:53,6843854.0,6843855.0,2021-04-13 17:51:53
2021-04-13 17:51:56,6845879.0,6845880.0,2021-04-13 17:51:56
2021-04-13 17:51:59,6849997.0,6850000.0,2021-04-13 17:51:59
2021-04-13 17:52:02,6850760.0,6852509.0,2021-04-13 17:52:02
2021-04-13 17:52:05,6852297.0,6852509.0,2021-04-13 17:52:05
2021-04-13 17:52:08,6845886.0,6847898.0,2021-04-13 17:52:08
2021-04-13 17:52:11,6847896.0,6847897.0,2021-04-13 17:52:11
2021-04-13 17:52:14,6847896.0,6847897.0,2021-04-13 17:52:14
2021-04-13 17:52:18,6853579.0,6854650.0,2021-04-13 17:52:17
2021-04-13 17:52:21,6855005.0,6855006.0,2021-04-13 17:52:21
2021-04-13 17:52:24,6855005.0,6855006.0,2021-04-13 17:52:24
2021-04-13 17:52:27,6855005.0,6855006.0,2021-04-13 17:52:27
2021-04-13 17:52:30,6855005.0,6855801.0,2021-04-13 17:52:30
2021-04-13 17:52:33,6857998.0,6858000.0,2021-04-13 17:52:33
2021-04-13 17:52:36,6859999.0,6860000.0,2021-04-13 17:52:36
2021-04-13 17:52:39,6859999.0,6860000.0,2021-04-13 17:52:39
2021-04-13 17:52:42,6859999.0,6860000.0,2021-04-13 17:52:42
2021-04-13 17:52:45,6859999.0,6860000.0,2021-04-13 17:52:45
2021-04-13 17:52:48,6863714.0,6864425.0,2021-04-13 17:52:48
2021-04-13 17:52:51,6860971.0,6862117.0,2021-04-13 17:52:51
2021-04-13 17:52:54,6861299.0,6862108.0,2021-04-13 17:52:54
2021-04-13 17:52:57,6861303.0,6862103.0,2021-04-13 17:52:57
2021-04-13 17:53:00,6860234.0,6862095.0,2021-04-13 17:53:00
2021-04-13 17:53:04,6861483.0,6862091.0,2021-04-13 17:53:03
2021-04-13 17:53:07,6862087.0,6862088.0,2021-04-13 17:53:07
2021-04-13 17:53:10,6857699.0,6857700.0,2021-04-13 17:53:10
2021-04-13 17:53:13,6857699.0,6857700.0,2021-04-13 17:53:13
2021-04-13 17:53:16,6857699.0,6857700.0,2021-04-13 17:53:16
2021-04-13 17:53:19,6855006.0,6855644.0,2021-04-13 17:53:19
2021-04-13 17:53:22,6855014.0,6855636.0,2021-04-13 17:53:22
2021-04-13 17:53:25,6855635.0,6855636.0,2021-04-13 17:53:25
2021-04-13 17:53:29,6855635.0,6855636.0,2021-04-13 17:53:29
2021-04-13 17:53:32,6860003.0,6860800.0,2021-04-13 17:53:32
2021-04-13 17:53:35,6860002.0,6860629.0,2021-04-13 17:53:35
2021-04-13 17:53:38,6860002.0,6860622.0,2021-04-13 17:53:38
2021-04-13 17:53:41,6860003.0,6860004.0,2021-04-13 17:53:41
2021-04-13 17:53:44,6860003.0,6860004.0,2021-04-13 17:53:44
2021-04-13 17:53:47,6860003.0,6860004.0,2021-04-13 17:53:47
2021-04-13 17:53:50,6860003.0,6860004.0,2021-04-13 17:53:50
2021-04-13 17:53:53,6860004.0,6860005.0,2021-04-13 17:53:53
2021-04-13 17:53:57,6860003.0,6860005.0,2021-04-13 17:53:56
2021-04-13 17:54:00,6860003.0,6860005.0,2021-04-13 17:54:00
2021-04-13 17:54:03,6860002.0,6860003.0,2021-04-13 17:54:03
2021-04-13 17:54:06,6860002.0,6860004.0,2021-04-13 17:54:06
2021-04-13 17:54:09,6860003.0,6860004.0,2021-04-13 17:54:09
2021-04-13 17:54:12,6860003.0,6860004.0,2021-04-13 17:54:12
2021-04-13 17:54:15,6860003.0,6860004.0,2021-04-13 17:54:15
2021-04-13 17:54:18,6860003.0,6860004.0,2021-04-13 17:54:18
2021-04-13 17:54:21,6860003.0,6860004.0,2021-04-13 17:54:21
2021-04-13 17:54:24,6860003.0,6860004.0,2021-04-13 17:54:24
2021-04-13 17:54:27,6860003.0,6860004.0,2021-04-13 17:54:27
2021-04-13 17:54:31,6860000.0,6860001.0,2021-04-13 17:54:31
2021-04-13 17:54:34,6858540.0,6859805.0,2021-04-13 17:54:34
2021-04-13 17:54:37,6858284.0,6859796.0,2021-04-13 17:54:37
2021-04-13 17:54:40,6859334.0,6859791.0,2021-04-13 17:54:40
2021-04-13 17:54:43,6858359.0,6859806.0,2021-04-13 17:54:43
2021-04-13 17:54:46,6855887.0,6859033.0,2021-04-13 17:54:46
2021-04-13 17:54:49,6854385.0,6858225.0,2021-04-13 17:54:49
2021-04-13 17:54:52,6854622.0,6858218.0,2021-04-13 17:54:52
2021-04-13 17:54:55,6854385.0,6855692.0,2021-04-13 17:54:55
2021-04-13 17:54:58,6854385.0,6855684.0,2021-04-13 17:54:58
2021-04-13 17:55:02,6854385.0,6854386.0,2021-04-13 17:55:01
2021-04-13 17:55:05,6852699.0,6854376.0,2021-04-13 17:55:05
2021-04-13 17:55:08,6852503.0,6852504.0,2021-04-13 17:55:08
2021-04-13 17:55:11,6850874.0,6850973.0,2021-04-13 17:55:11
2021-04-13 17:55:14,6850874.0,6850875.0,2021-04-13 17:55:14
2021-04-13 17:55:17,6845653.0,6850006.0,2021-04-13 17:55:17
2021-04-13 17:55:20,6847237.0,6849998.0,2021-04-13 17:55:20
2021-04-13 17:55:23,6849421.0,6849991.0,2021-04-13 17:55:23
2021-04-13 17:55:26,6848180.0,6849421.0,2021-04-13 17:55:26
2021-04-13 17:55:29,6847353.0,6847930.0,2021-04-13 17:55:29
2021-04-13 17:55:32,6846577.0,6847925.0,2021-04-13 17:55:32
2021-04-13 17:55:35,6846579.0,6847916.0,2021-04-13 17:55:35
2021-04-13 17:55:38,6846579.0,6847910.0,2021-04-13 17:55:38
2021-04-13 17:55:41,6846579.0,6847903.0,2021-04-13 17:55:41
2021-04-13 17:55:44,6846580.0,6847897.0,2021-04-13 17:55:44
2021-04-13 17:55:48,6846580.0,6847889.0,2021-04-13 17:55:47
2021-04-13 17:55:51,6847885.0,6847886.0,2021-04-13 17:55:51
2021-04-13 17:55:54,6847885.0,6847886.0,2021-04-13 17:55:54
2021-04-13 17:55:57,6847886.0,6849000.0,2021-04-13 17:55:57
2021-04-13 17:56:00,6848998.0,6848999.0,2021-04-13 17:56:00
2021-04-13 17:56:03,6848999.0,6849000.0,2021-04-13 17:56:03
2021-04-13 17:56:06,6849999.0,6850000.0,2021-04-13 17:56:06
2021-04-13 17:56:09,6850850.0,6853015.0,2021-04-13 17:56:09
2021-04-13 17:56:13,6853014.0,6853015.0,2021-04-13 17:56:13
2021-04-13 17:56:16,6851008.0,6853007.0,2021-04-13 17:56:16
2021-04-13 17:56:19,6851574.0,6853000.0,2021-04-13 17:56:19
2021-04-13 17:56:22,6852012.0,6852995.0,2021-04-13 17:56:22
2021-04-13 17:56:25,6852017.0,6852984.0,2021-04-13 17:56:25
2021-04-13 17:56:28,6852477.0,6852979.0,2021-04-13 17:56:28
2021-04-13 17:56:31,6852986.0,6852987.0,2021-04-13 17:56:31
2021-04-13 17:56:34,6852986.0,6852987.0,2021-04-13 17:56:34
2021-04-13 17:56:37,6852986.0,6852987.0,2021-04-13 17:56:37
2021-04-13 17:56:40,6852986.0,6852987.0,2021-04-13 17:56:40
2021-04-13 17:56:43,6852986.0,6852987.0,2021-04-13 17:56:43
2021-04-13 17:56:46,6852986.0,6852987.0,2021-04-13 17:56:46
2021-04-13 17:56:49,6852986.0,6852987.0,2021-04-13 17:56:49
2021-04-13 17:56:52,6852986.0,6852987.0,2021-04-13 17:56:52
2021-04-13 17:56:55,6852986.0,6852987.0,2021-04-13 17:56:55
2021-04-13 17:56:59,6852986.0,6852987.0,2021-04-13 17:56:58
2021-04-13 17:57:02,6852986.0,6852987.0,2021-04-13 17:57:02
2021-04-13 17:57:05,6852986.0,6852987.0,2021-04-13 17:57:05
2021-04-13 17:57:08,6852986.0,6852987.0,2021-04-13 17:57:08
2021-04-13 17:57:11,6852986.0,6852987.0,2021-04-13 17:57:11
2021-04-13 17:57:14,6852986.0,6852987.0,2021-04-13 17:57:14
2021-04-13 17:57:17,6846784.0,6848611.0,2021-04-13 17:57:17
2021-04-13 17:57:20,6846450.0,6848601.0,2021-04-13 17:57:20
2021-04-13 17:57:23,6846450.0,6848147.0,2021-04-13 17:57:23
2021-04-13 17:57:26,6846450.0,6848144.0,2021-04-13 17:57:26
2021-04-13 17:57:29,6846450.0,6848137.0,2021-04-13 17:57:29
2021-04-13 17:57:32,6846450.0,6848134.0,2021-04-13 17:57:32
2021-04-13 17:57:35,6846451.0,6848130.0,2021-04-13 17:57:35
2021-04-13 17:57:38,6846451.0,6848120.0,2021-04-13 17:57:38
2021-04-13 17:57:41,6846451.0,6848116.0,2021-04-13 17:57:41
2021-04-13 17:57:44,6847918.0,6848112.0,2021-04-13 17:57:44
2021-04-13 17:57:48,6847923.0,6848108.0,2021-04-13 17:57:47
2021-04-13 17:57:51,6847927.0,6848104.0,2021-04-13 17:57:51
2021-04-13 17:57:54,6847932.0,6849229.0,2021-04-13 17:57:54
2021-04-13 17:57:57,6847936.0,6849813.0,2021-04-13 17:57:57
2021-04-13 17:58:00,6847938.0,6850000.0,2021-04-13 17:58:00
2021-04-13 17:58:03,6847945.0,6851900.0,2021-04-13 17:58:03
2021-04-13 17:58:06,6850971.0,6851171.0,2021-04-13 17:58:06
2021-04-13 17:58:09,6850977.0,6851171.0,2021-04-13 17:58:09
2021-04-13 17:58:12,6850982.0,6851171.0,2021-04-13 17:58:12
2021-04-13 17:58:15,6850992.0,6850994.0,2021-04-13 17:58:15
2021-04-13 17:58:18,6850310.0,6851172.0,2021-04-13 17:58:18
2021-04-13 17:58:21,6850311.0,6851172.0,2021-04-13 17:58:21
2021-04-13 17:58:24,6850314.0,6851172.0,2021-04-13 17:58:24
2021-04-13 17:58:27,6851003.0,6851518.0,2021-04-13 17:58:27
2021-04-13 17:58:30,6851004.0,6851515.0,2021-04-13 17:58:30
2021-04-13 17:58:33,6851003.0,6851004.0,2021-04-13 17:58:33
2021-04-13 17:58:36,6851003.0,6851004.0,2021-04-13 17:58:36
2021-04-13 17:58:39,6849814.0,6851460.0,2021-04-13 17:58:39
2021-04-13 17:58:43,6849814.0,6849815.0,2021-04-13 17:58:42
2021-04-13 17:58:46,6849814.0,6849815.0,2021-04-13 17:58:46
2021-04-13 17:58:49,6849813.0,6849814.0,2021-04-13 17:58:49
2021-04-13 17:58:52,6849813.0,6849814.0,2021-04-13 17:58:52
2021-04-13 17:58:55,6849813.0,6849814.0,2021-04-13 17:58:55
2021-04-13 17:58:58,6849813.0,6849814.0,2021-04-13 17:58:58
2021-04-13 17:59:02,6849813.0,6849814.0,2021-04-13 17:59:02
2021-04-13 17:59:05,6849813.0,6849814.0,2021-04-13 17:59:05
2021-04-13 17:59:08,6849813.0,6849814.0,2021-04-13 17:59:08
2021-04-13 17:59:11,6849813.0,6849814.0,2021-04-13 17:59:11
2021-04-13 17:59:14,6849813.0,6849814.0,2021-04-13 17:59:14
2021-04-13 17:59:17,6850216.0,6852222.0,2021-04-13 17:59:17
2021-04-13 17:59:20,6852221.0,6852222.0,2021-04-13 17:59:20
2021-04-13 17:59:23,6852221.0,6852222.0,2021-04-13 17:59:23
2021-04-13 17:59:26,6852221.0,6852222.0,2021-04-13 17:59:26
2021-04-13 17:59:30,6852221.0,6852222.0,2021-04-13 17:59:29
2021-04-13 17:59:33,6853999.0,6854000.0,2021-04-13 17:59:33
2021-04-13 17:59:36,6853999.0,6854000.0,2021-04-13 17:59:36
2021-04-13 17:59:39,6853999.0,6854000.0,2021-04-13 17:59:39
2021-04-13 17:59:42,6853999.0,6854000.0,2021-04-13 17:59:42
2021-04-13 17:59:45,6853999.0,6854000.0,2021-04-13 17:59:45
2021-04-13 17:59:48,6853999.0,6854000.0,2021-04-13 17:59:48
2021-04-13 17:59:51,6854006.0,6855781.0,2021-04-13 17:59:51
2021-04-13 17:59:54,6854008.0,6855774.0,2021-04-13 17:59:54
2021-04-13 17:59:57,6854013.0,6855767.0,2021-04-13 17:59:57
2021-04-13 18:00:00,6854535.0,6854643.0,2021-04-13 18:00:00
2021-04-13 18:00:03,6856063.0,6858903.0,2021-04-13 18:00:03
2021-04-13 18:00:06,6858240.0,6859395.0,2021-04-13 18:00:06
2021-04-13 18:00:09,6859809.0,6859810.0,2021-04-13 18:00:09
2021-04-13 18:00:12,6859809.0,6859810.0,2021-04-13 18:00:12
2021-04-13 18:00:16,6859809.0,6859810.0,2021-04-13 18:00:15
2021-04-13 18:00:19,6859809.0,6859810.0,2021-04-13 18:00:19
2021-04-13 18:00:22,6858242.0,6859810.0,2021-04-13 18:00:22
2021-04-13 18:00:25,6858242.0,6858243.0,2021-04-13 18:00:25
2021-04-13 18:00:28,6858242.0,6858243.0,2021-04-13 18:00:28
2021-04-13 18:00:31,6858242.0,6858243.0,2021-04-13 18:00:31
2021-04-13 18:00:34,6858242.0,6858243.0,2021-04-13 18:00:34
2021-04-13 18:00:37,6858242.0,6858243.0,2021-04-13 18:00:37
2021-04-13 18:00:40,6851012.0,6851013.0,2021-04-13 18:00:40
2021-04-13 18:00:44,6850199.0,6851012.0,2021-04-13 18:00:43
2021-04-13 18:00:47,6846974.0,6849123.0,2021-04-13 18:00:47
2021-04-13 18:00:50,6846974.0,6846975.0,2021-04-13 18:00:50
2021-04-13 18:00:53,6848931.0,6848932.0,2021-04-13 18:00:53
2021-04-13 18:00:56,6848937.0,6851857.0,2021-04-13 18:00:56
2021-04-13 18:00:59,6846673.0,6846774.0,2021-04-13 18:00:59
2021-04-13 18:01:02,6846677.0,6846765.0,2021-04-13 18:01:02
2021-04-13 18:01:05,6846765.0,6848934.0,2021-04-13 18:01:05
2021-04-13 18:01:08,6846770.0,6848932.0,2021-04-13 18:01:08
2021-04-13 18:01:12,6848740.0,6850120.0,2021-04-13 18:01:12
2021-04-13 18:01:15,6850722.0,6850986.0,2021-04-13 18:01:15
2021-04-13 18:01:18,6850725.0,6850983.0,2021-04-13 18:01:18
2021-04-13 18:01:21,6850731.0,6850732.0,2021-04-13 18:01:21
2021-04-13 18:01:24,6850732.0,6850733.0,2021-04-13 18:01:24
2021-04-13 18:01:27,6850731.0,6850732.0,2021-04-13 18:01:27
2021-04-13 18:01:30,6850731.0,6850732.0,2021-04-13 18:01:30
2021-04-13 18:01:33,6850731.0,6850732.0,2021-04-13 18:01:33
2021-04-13 18:01:36,6850731.0,6850732.0,2021-04-13 18:01:36
2021-04-13 18:01:40,6850731.0,6850732.0,2021-04-13 18:01:39
2021-04-13 18:01:43,6850731.0,6850732.0,2021-04-13 18:01:43
2021-04-13 18:01:46,6850731.0,6850732.0,2021-04-13 18:01:46
2021-04-13 18:01:49,6848510.0,6849996.0,2021-04-13 18:01:49
2021-04-13 18:01:52,6848511.0,6849938.0,2021-04-13 18:01:52
2021-04-13 18:01:55,6848514.0,6848515.0,2021-04-13 18:01:55
2021-04-13 18:01:58,6848514.0,6848515.0,2021-04-13 18:01:58
2021-04-13 18:02:02,6848514.0,6848515.0,2021-04-13 18:02:01
2021-04-13 18:02:05,6848514.0,6848515.0,2021-04-13 18:02:05
2021-04-13 18:02:08,6848514.0,6848515.0,2021-04-13 18:02:08
2021-04-13 18:02:11,6848514.0,6848515.0,2021-04-13 18:02:11
2021-04-13 18:02:14,6848514.0,6848515.0,2021-04-13 18:02:14
2021-04-13 18:02:17,6848514.0,6848515.0,2021-04-13 18:02:17
2021-04-13 18:02:21,6848514.0,6848515.0,2021-04-13 18:02:21
2021-04-13 18:02:24,6848514.0,6848515.0,2021-04-13 18:02:24
2021-04-13 18:02:27,6848514.0,6848515.0,2021-04-13 18:02:27
2021-04-13 18:02:30,6848514.0,6848515.0,2021-04-13 18:02:30
2021-04-13 18:02:33,6848514.0,6848515.0,2021-04-13 18:02:33
2021-04-13 18:02:36,6848514.0,6848515.0,2021-04-13 18:02:36
2021-04-13 18:02:39,6848515.0,6848516.0,2021-04-13 18:02:39
2021-04-13 18:02:42,6848515.0,6848516.0,2021-04-13 18:02:42
2021-04-13 18:02:45,6848515.0,6848516.0,2021-04-13 18:02:45
2021-04-13 18:02:48,6848515.0,6848516.0,2021-04-13 18:02:48
2021-04-13 18:02:51,6848515.0,6848516.0,2021-04-13 18:02:51
2021-04-13 18:02:54,6848515.0,6848516.0,2021-04-13 18:02:54
2021-04-13 18:02:57,6848515.0,6848516.0,2021-04-13 18:02:57
2021-04-13 18:03:00,6848515.0,6848516.0,2021-04-13 18:03:00
2021-04-13 18:03:03,6848515.0,6848516.0,2021-04-13 18:03:03
2021-04-13 18:03:06,6848515.0,6848880.0,2021-04-13 18:03:06
2021-04-13 18:03:10,6848879.0,6848880.0,2021-04-13 18:03:09
2021-04-13 18:03:13,6848879.0,6848880.0,2021-04-13 18:03:13
2021-04-13 18:03:16,6848879.0,6848880.0,2021-04-13 18:03:16
2021-04-13 18:03:19,6848879.0,6848880.0,2021-04-13 18:03:19
2021-04-13 18:03:22,6848879.0,6848880.0,2021-04-13 18:03:22
2021-04-13 18:03:25,6848879.0,6848880.0,2021-04-13 18:03:25
2021-04-13 18:03:28,6848879.0,6848880.0,2021-04-13 18:03:28
2021-04-13 18:03:31,6849497.0,6850000.0,2021-04-13 18:03:31
2021-04-13 18:03:34,6849499.0,6849500.0,2021-04-13 18:03:34
2021-04-13 18:03:37,6849499.0,6849500.0,2021-04-13 18:03:37
2021-04-13 18:03:40,6849499.0,6849500.0,2021-04-13 18:03:40
2021-04-13 18:03:43,6849499.0,6849500.0,2021-04-13 18:03:43
2021-04-13 18:03:46,6849499.0,6849500.0,2021-04-13 18:03:46
2021-04-13 18:03:49,6849499.0,6849500.0,2021-04-13 18:03:49
2021-04-13 18:03:52,6849499.0,6849500.0,2021-04-13 18:03:52
2021-04-13 18:03:56,6849499.0,6849500.0,2021-04-13 18:03:55
2021-04-13 18:03:59,6849497.0,6849498.0,2021-04-13 18:03:59
2021-04-13 18:04:02,6848510.0,6848511.0,2021-04-13 18:04:02
2021-04-13 18:04:05,6848510.0,6848511.0,2021-04-13 18:04:05
2021-04-13 18:04:08,6848510.0,6848511.0,2021-04-13 18:04:08
2021-04-13 18:04:11,6848510.0,6848511.0,2021-04-13 18:04:11
2021-04-13 18:04:15,6848510.0,6848511.0,2021-04-13 18:04:14
2021-04-13 18:04:18,6848510.0,6848511.0,2021-04-13 18:04:18
2021-04-13 18:04:21,6848510.0,6848511.0,2021-04-13 18:04:21
2021-04-13 18:04:24,6848510.0,6848511.0,2021-04-13 18:04:24
2021-04-13 18:04:27,6848513.0,6848686.0,2021-04-13 18:04:27
2021-04-13 18:04:31,6848513.0,6848514.0,2021-04-13 18:04:30
2021-04-13 18:04:34,6848513.0,6848514.0,2021-04-13 18:04:34
2021-04-13 18:04:37,6848513.0,6848514.0,2021-04-13 18:04:37
2021-04-13 18:04:40,6848513.0,6848514.0,2021-04-13 18:04:40
2021-04-13 18:04:43,6848513.0,6848514.0,2021-04-13 18:04:43
2021-04-13 18:04:46,6848513.0,6848514.0,2021-04-13 18:04:46
2021-04-13 18:04:49,6848513.0,6848514.0,2021-04-13 18:04:49
2021-04-13 18:04:52,6848513.0,6848514.0,2021-04-13 18:04:52
2021-04-13 18:04:55,6848513.0,6848514.0,2021-04-13 18:04:55
2021-04-13 18:04:58,6848513.0,6848514.0,2021-04-13 18:04:58
2021-04-13 18:05:01,6848513.0,6848514.0,2021-04-13 18:05:01
2021-04-13 18:05:04,6848513.0,6848514.0,2021-04-13 18:05:04
2021-04-13 18:05:07,6848513.0,6848514.0,2021-04-13 18:05:07
2021-04-13 18:05:10,6848513.0,6848514.0,2021-04-13 18:05:10
2021-04-13 18:05:13,6848513.0,6848514.0,2021-04-13 18:05:13
2021-04-13 18:05:16,6848513.0,6848514.0,2021-04-13 18:05:16
2021-04-13 18:05:20,6848513.0,6848514.0,2021-04-13 18:05:19
2021-04-13 18:05:23,6846771.0,6848512.0,2021-04-13 18:05:23
2021-04-13 18:05:26,6846771.0,6848507.0,2021-04-13 18:05:26
2021-04-13 18:05:29,6846778.0,6848500.0,2021-04-13 18:05:29
2021-04-13 18:05:32,6848412.0,6848493.0,2021-04-13 18:05:32
2021-04-13 18:05:35,6846780.0,6848408.0,2021-04-13 18:05:35
2021-04-13 18:05:38,6846561.0,6848401.0,2021-04-13 18:05:38
2021-04-13 18:05:41,6848342.0,6848497.0,2021-04-13 18:05:41
2021-04-13 18:05:44,6848496.0,6848497.0,2021-04-13 18:05:44
2021-04-13 18:05:47,6848496.0,6848497.0,2021-04-13 18:05:47
2021-04-13 18:05:50,6848496.0,6848497.0,2021-04-13 18:05:50
2021-04-13 18:05:53,6848496.0,6848497.0,2021-04-13 18:05:53
2021-04-13 18:05:56,6846388.0,6848496.0,2021-04-13 18:05:56
2021-04-13 18:05:59,6846391.0,6847767.0,2021-04-13 18:05:59
2021-04-13 18:06:03,6846391.0,6846392.0,2021-04-13 18:06:02
2021-04-13 18:06:06,6846391.0,6846392.0,2021-04-13 18:06:06
2021-04-13 18:06:09,6846391.0,6846392.0,2021-04-13 18:06:09
2021-04-13 18:06:12,6846391.0,6846392.0,2021-04-13 18:06:12
2021-04-13 18:06:15,6846391.0,6846392.0,2021-04-13 18:06:15
2021-04-13 18:06:18,6846391.0,6846392.0,2021-04-13 18:06:18
2021-04-13 18:06:21,6846391.0,6846392.0,2021-04-13 18:06:21
2021-04-13 18:06:24,6846395.0,6848492.0,2021-04-13 18:06:24
2021-04-13 18:06:27,6846519.0,6848389.0,2021-04-13 18:06:27
2021-04-13 18:06:30,6846519.0,6846520.0,2021-04-13 18:06:30
2021-04-13 18:06:33,6847296.0,6848381.0,2021-04-13 18:06:33
2021-04-13 18:06:36,6847302.0,6848381.0,2021-04-13 18:06:36
2021-04-13 18:06:39,6848201.0,6848497.0,2021-04-13 18:06:39
2021-04-13 18:06:42,6848204.0,6848496.0,2021-04-13 18:06:42
2021-04-13 18:06:45,6848214.0,6848495.0,2021-04-13 18:06:45
2021-04-13 18:06:48,6848216.0,6848493.0,2021-04-13 18:06:48
2021-04-13 18:06:52,6848216.0,6848217.0,2021-04-13 18:06:51
2021-04-13 18:06:55,6847307.0,6848215.0,2021-04-13 18:06:55
2021-04-13 18:06:58,6847309.0,6847365.0,2021-04-13 18:06:58
2021-04-13 18:07:01,6847312.0,6847366.0,2021-04-13 18:07:01
2021-04-13 18:07:04,6847320.0,6847366.0,2021-04-13 18:07:04
2021-04-13 18:07:07,6847326.0,6847365.0,2021-04-13 18:07:07
2021-04-13 18:07:10,6847331.0,6847367.0,2021-04-13 18:07:10
2021-04-13 18:07:13,6847334.0,6847362.0,2021-04-13 18:07:13
2021-04-13 18:07:16,6847334.0,6847335.0,2021-04-13 18:07:16
2021-04-13 18:07:19,6847307.0,6847335.0,2021-04-13 18:07:19
2021-04-13 18:07:22,6847307.0,6847308.0,2021-04-13 18:07:22
2021-04-13 18:07:25,6847307.0,6847308.0,2021-04-13 18:07:25
2021-04-13 18:07:28,6847307.0,6847308.0,2021-04-13 18:07:28
2021-04-13 18:07:31,6847307.0,6847308.0,2021-04-13 18:07:31
2021-04-13 18:07:34,6847307.0,6847308.0,2021-04-13 18:07:34
2021-04-13 18:07:37,6847307.0,6847308.0,2021-04-13 18:07:37
2021-04-13 18:07:41,6847307.0,6847308.0,2021-04-13 18:07:40
2021-04-13 18:07:44,6847307.0,6847308.0,2021-04-13 18:07:44
2021-04-13 18:07:47,6847307.0,6847308.0,2021-04-13 18:07:47
2021-04-13 18:07:50,6847307.0,6847308.0,2021-04-13 18:07:50
2021-04-13 18:07:53,6847307.0,6847308.0,2021-04-13 18:07:53
2021-04-13 18:07:56,6847307.0,6847308.0,2021-04-13 18:07:56
2021-04-13 18:07:59,6847307.0,6847308.0,2021-04-13 18:07:59
2021-04-13 18:08:02,6847307.0,6847308.0,2021-04-13 18:08:02
2021-04-13 18:08:05,6847307.0,6847308.0,2021-04-13 18:08:05
2021-04-13 18:08:08,6847307.0,6847308.0,2021-04-13 18:08:08
2021-04-13 18:08:11,6847307.0,6847308.0,2021-04-13 18:08:11
2021-04-13 18:08:14,6847307.0,6847308.0,2021-04-13 18:08:14
2021-04-13 18:08:17,6847307.0,6847308.0,2021-04-13 18:08:17
2021-04-13 18:08:20,6847307.0,6847308.0,2021-04-13 18:08:20
2021-04-13 18:08:23,6847307.0,6847308.0,2021-04-13 18:08:23
2021-04-13 18:08:26,6847307.0,6847308.0,2021-04-13 18:08:26
2021-04-13 18:08:29,6847307.0,6847308.0,2021-04-13 18:08:29
2021-04-13 18:08:33,6847307.0,6847308.0,2021-04-13 18:08:32
2021-04-13 18:08:36,6847307.0,6847308.0,2021-04-13 18:08:36
2021-04-13 18:08:39,6847307.0,6847308.0,2021-04-13 18:08:39
2021-04-13 18:08:42,6847313.0,6848495.0,2021-04-13 18:08:42
2021-04-13 18:08:45,6847320.0,6848488.0,2021-04-13 18:08:45
2021-04-13 18:08:48,6847324.0,6848483.0,2021-04-13 18:08:48
2021-04-13 18:08:51,6847329.0,6848478.0,2021-04-13 18:08:51
2021-04-13 18:08:54,6847333.0,6847959.0,2021-04-13 18:08:54
2021-04-13 18:08:57,6847332.0,6847333.0,2021-04-13 18:08:57
2021-04-13 18:09:00,6847331.0,6847333.0,2021-04-13 18:09:00
2021-04-13 18:09:03,6847331.0,6847332.0,2021-04-13 18:09:03
2021-04-13 18:09:06,6847331.0,6847332.0,2021-04-13 18:09:06
2021-04-13 18:09:09,6847331.0,6847332.0,2021-04-13 18:09:09
2021-04-13 18:09:12,6847331.0,6847332.0,2021-04-13 18:09:12
2021-04-13 18:09:15,6847331.0,6847332.0,2021-04-13 18:09:15
2021-04-13 18:09:18,6847331.0,6848000.0,2021-04-13 18:09:18
2021-04-13 18:09:21,6847336.0,6848000.0,2021-04-13 18:09:21
2021-04-13 18:09:25,6847999.0,6848000.0,2021-04-13 18:09:25
2021-04-13 18:09:28,6848496.0,6848497.0,2021-04-13 18:09:28
2021-04-13 18:09:31,6848496.0,6848497.0,2021-04-13 18:09:31
2021-04-13 18:09:34,6848496.0,6848497.0,2021-04-13 18:09:34
2021-04-13 18:09:37,6848496.0,6848497.0,2021-04-13 18:09:37
2021-04-13 18:09:40,6848496.0,6848497.0,2021-04-13 18:09:40
2021-04-13 18:09:43,6848496.0,6848497.0,2021-04-13 18:09:43
2021-04-13 18:09:46,6848496.0,6848497.0,2021-04-13 18:09:46
2021-04-13 18:09:49,6848496.0,6848497.0,2021-04-13 18:09:49
2021-04-13 18:09:52,6848496.0,6848497.0,2021-04-13 18:09:52
2021-04-13 18:09:55,6848496.0,6848497.0,2021-04-13 18:09:55
2021-04-13 18:09:58,6848496.0,6848497.0,2021-04-13 18:09:58
2021-04-13 18:10:01,6848496.0,6848497.0,2021-04-13 18:10:01
2021-04-13 18:10:04,6848496.0,6848497.0,2021-04-13 18:10:04
2021-04-13 18:10:08,6848496.0,6848497.0,2021-04-13 18:10:07
2021-04-13 18:10:11,6848496.0,6848497.0,2021-04-13 18:10:11
2021-04-13 18:10:14,6848496.0,6848497.0,2021-04-13 18:10:14
2021-04-13 18:10:17,6848496.0,6848497.0,2021-04-13 18:10:17
2021-04-13 18:10:20,6848501.0,6848502.0,2021-04-13 18:10:20
2021-04-13 18:10:23,6848501.0,6848502.0,2021-04-13 18:10:23
2021-04-13 18:10:26,6848501.0,6848514.0,2021-04-13 18:10:26
2021-04-13 18:10:29,6848691.0,6849497.0,2021-04-13 18:10:29
2021-04-13 18:10:32,6849496.0,6849497.0,2021-04-13 18:10:32
2021-04-13 18:10:35,6849496.0,6849497.0,2021-04-13 18:10:35
2021-04-13 18:10:38,6849496.0,6849497.0,2021-04-13 18:10:38
2021-04-13 18:10:41,6849999.0,6850000.0,2021-04-13 18:10:41
2021-04-13 18:10:44,6849999.0,6850000.0,2021-04-13 18:10:44
2021-04-13 18:10:47,6850730.0,6855801.0,2021-04-13 18:10:47
2021-04-13 18:10:51,6856756.0,6858055.0,2021-04-13 18:10:50
2021-04-13 18:10:54,6857954.0,6858060.0,2021-04-13 18:10:54
2021-04-13 18:10:57,6857955.0,6858059.0,2021-04-13 18:10:57
2021-04-13 18:11:00,6857959.0,6858058.0,2021-04-13 18:11:00
2021-04-13 18:11:03,6857953.0,6858052.0,2021-04-13 18:11:03
2021-04-13 18:11:06,6858049.0,6858050.0,2021-04-13 18:11:06
2021-04-13 18:11:09,6858049.0,6858050.0,2021-04-13 18:11:09
2021-04-13 18:11:12,6855206.0,6857959.0,2021-04-13 18:11:12
2021-04-13 18:11:15,6855209.0,6857954.0,2021-04-13 18:11:15
2021-04-13 18:11:18,6855210.0,6856584.0,2021-04-13 18:11:18
2021-04-13 18:11:21,6855209.0,6856577.0,2021-04-13 18:11:21
2021-04-13 18:11:24,6855199.0,6856569.0,2021-04-13 18:11:24
2021-04-13 18:11:27,6855200.0,6855207.0,2021-04-13 18:11:27
2021-04-13 18:11:30,6855200.0,6855201.0,2021-04-13 18:11:30
2021-04-13 18:11:33,6855199.0,6855200.0,2021-04-13 18:11:33
2021-04-13 18:11:36,6855199.0,6855200.0,2021-04-13 18:11:36
2021-04-13 18:11:40,6855199.0,6855200.0,2021-04-13 18:11:39
2021-04-13 18:11:43,6855199.0,6855200.0,2021-04-13 18:11:43
2021-04-13 18:11:46,6855199.0,6855200.0,2021-04-13 18:11:46
2021-04-13 18:11:49,6852699.0,6852700.0,2021-04-13 18:11:49
2021-04-13 18:11:52,6850000.0,6850001.0,2021-04-13 18:11:52
2021-04-13 18:11:55,6850000.0,6850001.0,2021-04-13 18:11:55
2021-04-13 18:11:58,6850000.0,6850001.0,2021-04-13 18:11:58
2021-04-13 18:12:01,6850000.0,6850001.0,2021-04-13 18:12:01
2021-04-13 18:12:05,6850000.0,6850001.0,2021-04-13 18:12:04
2021-04-13 18:12:08,6850000.0,6850001.0,2021-04-13 18:12:08
2021-04-13 18:12:11,6850000.0,6851822.0,2021-04-13 18:12:11
2021-04-13 18:12:14,6850004.0,6851817.0,2021-04-13 18:12:14
2021-04-13 18:12:17,6850006.0,6851408.0,2021-04-13 18:12:17
2021-04-13 18:12:20,6850001.0,6850002.0,2021-04-13 18:12:20
2021-04-13 18:12:23,6850001.0,6850002.0,2021-04-13 18:12:23
2021-04-13 18:12:26,6850001.0,6850002.0,2021-04-13 18:12:26
2021-04-13 18:12:29,6850001.0,6850002.0,2021-04-13 18:12:29
2021-04-13 18:12:32,6850001.0,6850002.0,2021-04-13 18:12:32
2021-04-13 18:12:35,6850001.0,6850002.0,2021-04-13 18:12:35
2021-04-13 18:12:38,6850001.0,6850002.0,2021-04-13 18:12:38
2021-04-13 18:12:41,6850001.0,6850002.0,2021-04-13 18:12:41
2021-04-13 18:12:44,6850001.0,6850002.0,2021-04-13 18:12:44
2021-04-13 18:12:47,6850001.0,6850002.0,2021-04-13 18:12:47
2021-04-13 18:12:50,6850001.0,6850002.0,2021-04-13 18:12:50
2021-04-13 18:12:54,6850001.0,6850002.0,2021-04-13 18:12:53
2021-04-13 18:12:57,6850004.0,6851815.0,2021-04-13 18:12:57
2021-04-13 18:13:00,6850008.0,6850032.0,2021-04-13 18:13:00
2021-04-13 18:13:03,6850518.0,6851811.0,2021-04-13 18:13:03
2021-04-13 18:13:06,6851810.0,6851811.0,2021-04-13 18:13:06
2021-04-13 18:13:09,6851810.0,6851811.0,2021-04-13 18:13:09
2021-04-13 18:13:12,6851810.0,6851811.0,2021-04-13 18:13:12
2021-04-13 18:13:15,6851812.0,6852479.0,2021-04-13 18:13:15
2021-04-13 18:13:18,6851812.0,6851813.0,2021-04-13 18:13:18
2021-04-13 18:13:21,6851810.0,6851811.0,2021-04-13 18:13:21
2021-04-13 18:13:24,6851810.0,6851811.0,2021-04-13 18:13:24
2021-04-13 18:13:27,6851020.0,6851809.0,2021-04-13 18:13:27
2021-04-13 18:13:30,6850001.0,6851801.0,2021-04-13 18:13:30
2021-04-13 18:13:33,6845561.0,6851794.0,2021-04-13 18:13:33
2021-04-13 18:13:36,6848153.0,6851016.0,2021-04-13 18:13:36
2021-04-13 18:13:39,6848154.0,6851008.0,2021-04-13 18:13:39
2021-04-13 18:13:43,6848154.0,6851002.0,2021-04-13 18:13:42
2021-04-13 18:13:46,6850991.0,6850992.0,2021-04-13 18:13:46
2021-04-13 18:13:49,6850991.0,6850992.0,2021-04-13 18:13:49
2021-04-13 18:13:52,6850991.0,6850992.0,2021-04-13 18:13:52
2021-04-13 18:13:55,6850991.0,6850992.0,2021-04-13 18:13:55
2021-04-13 18:13:58,6850991.0,6850992.0,2021-04-13 18:13:58
2021-04-13 18:14:01,6850991.0,6850992.0,2021-04-13 18:14:01
2021-04-13 18:14:04,6850991.0,6850992.0,2021-04-13 18:14:04
2021-04-13 18:14:07,6850991.0,6850992.0,2021-04-13 18:14:07
2021-04-13 18:14:10,6850995.0,6851575.0,2021-04-13 18:14:10
2021-04-13 18:14:13,6852478.0,6852479.0,2021-04-13 18:14:13
2021-04-13 18:14:17,6852478.0,6852479.0,2021-04-13 18:14:17
2021-04-13 18:14:20,6852478.0,6852479.0,2021-04-13 18:14:20
2021-04-13 18:14:23,6852478.0,6852479.0,2021-04-13 18:14:23
2021-04-13 18:14:26,6852478.0,6852479.0,2021-04-13 18:14:26
2021-04-13 18:14:29,6852478.0,6852479.0,2021-04-13 18:14:29
2021-04-13 18:14:32,6852478.0,6852479.0,2021-04-13 18:14:32
2021-04-13 18:14:36,6852478.0,6852479.0,2021-04-13 18:14:35
2021-04-13 18:14:39,6852478.0,6852479.0,2021-04-13 18:14:39
2021-04-13 18:14:42,6852478.0,6852479.0,2021-04-13 18:14:42
2021-04-13 18:14:45,6852478.0,6852479.0,2021-04-13 18:14:45
2021-04-13 18:14:48,6852478.0,6852479.0,2021-04-13 18:14:48
2021-04-13 18:14:51,6852478.0,6852479.0,2021-04-13 18:14:51
2021-04-13 18:14:54,6852478.0,6852479.0,2021-04-13 18:14:54
2021-04-13 18:14:57,6852478.0,6852479.0,2021-04-13 18:14:57
2021-04-13 18:15:00,6852478.0,6852479.0,2021-04-13 18:15:00
2021-04-13 18:15:04,6852478.0,6852479.0,2021-04-13 18:15:04
2021-04-13 18:15:07,6852478.0,6852479.0,2021-04-13 18:15:07
2021-04-13 18:15:10,6852478.0,6852479.0,2021-04-13 18:15:10
2021-04-13 18:15:13,6852478.0,6852479.0,2021-04-13 18:15:13
2021-04-13 18:15:16,6852478.0,6852479.0,2021-04-13 18:15:16
2021-04-13 18:15:19,6852478.0,6852479.0,2021-04-13 18:15:19
2021-04-13 18:15:22,6852478.0,6852479.0,2021-04-13 18:15:22
2021-04-13 18:15:25,6852478.0,6852479.0,2021-04-13 18:15:25
2021-04-13 18:15:28,6852439.0,6852478.0,2021-04-13 18:15:28
2021-04-13 18:15:31,6852576.0,6852886.0,2021-04-13 18:15:31
2021-04-13 18:15:34,6852443.0,6852887.0,2021-04-13 18:15:34
2021-04-13 18:15:37,6854899.0,6854900.0,2021-04-13 18:15:37
2021-04-13 18:15:40,6854899.0,6854900.0,2021-04-13 18:15:40
2021-04-13 18:15:43,6854899.0,6854900.0,2021-04-13 18:15:43
2021-04-13 18:15:46,6855800.0,6855801.0,2021-04-13 18:15:46
2021-04-13 18:15:50,6855904.0,6856000.0,2021-04-13 18:15:49
2021-04-13 18:15:53,6856668.0,6857376.0,2021-04-13 18:15:53
2021-04-13 18:15:56,6856847.0,6859011.0,2021-04-13 18:15:56
2021-04-13 18:15:59,6856964.0,6859024.0,2021-04-13 18:15:59
2021-04-13 18:16:02,6859129.0,6859665.0,2021-04-13 18:16:02
2021-04-13 18:16:05,6859134.0,6859663.0,2021-04-13 18:16:05
2021-04-13 18:16:08,6859140.0,6859660.0,2021-04-13 18:16:08
2021-04-13 18:16:11,6859142.0,6859151.0,2021-04-13 18:16:11
2021-04-13 18:16:15,6859142.0,6859147.0,2021-04-13 18:16:15
2021-04-13 18:16:18,6859142.0,6859147.0,2021-04-13 18:16:18
2021-04-13 18:16:21,6859143.0,6859155.0,2021-04-13 18:16:21
2021-04-13 18:16:24,6859124.0,6859143.0,2021-04-13 18:16:24
2021-04-13 18:16:27,6859124.0,6859159.0,2021-04-13 18:16:27
2021-04-13 18:16:30,6859124.0,6859159.0,2021-04-13 18:16:30
2021-04-13 18:16:33,6859144.0,6859160.0,2021-04-13 18:16:33
2021-04-13 18:16:36,6859143.0,6859157.0,2021-04-13 18:16:36
2021-04-13 18:16:39,6859143.0,6859157.0,2021-04-13 18:16:39
2021-04-13 18:16:42,6859144.0,6859155.0,2021-04-13 18:16:42
2021-04-13 18:16:45,6859124.0,6859125.0,2021-04-13 18:16:45
2021-04-13 18:16:48,6859124.0,6859125.0,2021-04-13 18:16:48
2021-04-13 18:16:51,6859124.0,6859125.0,2021-04-13 18:16:51
2021-04-13 18:16:54,6859124.0,6859125.0,2021-04-13 18:16:54
2021-04-13 18:16:57,6859124.0,6859125.0,2021-04-13 18:16:57
2021-04-13 18:17:01,6856110.0,6859121.0,2021-04-13 18:17:00
2021-04-13 18:17:04,6856100.0,6858499.0,2021-04-13 18:17:04
2021-04-13 18:17:07,6856100.0,6858495.0,2021-04-13 18:17:07
2021-04-13 18:17:10,6856100.0,6857454.0,2021-04-13 18:17:10
2021-04-13 18:17:13,6856100.0,6857451.0,2021-04-13 18:17:13
2021-04-13 18:17:16,6856100.0,6856101.0,2021-04-13 18:17:16
2021-04-13 18:17:19,6856100.0,6856101.0,2021-04-13 18:17:19
2021-04-13 18:17:22,6856100.0,6856101.0,2021-04-13 18:17:22
2021-04-13 18:17:25,6851200.0,6856093.0,2021-04-13 18:17:25
2021-04-13 18:17:28,6851201.0,6853943.0,2021-04-13 18:17:28
2021-04-13 18:17:31,6851000.0,6851001.0,2021-04-13 18:17:31
2021-04-13 18:17:34,6851000.0,6851001.0,2021-04-13 18:17:34
2021-04-13 18:17:37,6851000.0,6851001.0,2021-04-13 18:17:37
2021-04-13 18:17:40,6851000.0,6851001.0,2021-04-13 18:17:40
2021-04-13 18:17:43,6851000.0,6851001.0,2021-04-13 18:17:43
2021-04-13 18:17:46,6851000.0,6851001.0,2021-04-13 18:17:46
2021-04-13 18:17:50,6851000.0,6851001.0,2021-04-13 18:17:49
2021-04-13 18:17:53,6851000.0,6851001.0,2021-04-13 18:17:53
2021-04-13 18:17:56,6851000.0,6851001.0,2021-04-13 18:17:56
2021-04-13 18:17:59,6851000.0,6851001.0,2021-04-13 18:17:59
2021-04-13 18:18:02,6851000.0,6851001.0,2021-04-13 18:18:02
2021-04-13 18:18:05,6851000.0,6851001.0,2021-04-13 18:18:05
2021-04-13 18:18:08,6850199.0,6850200.0,2021-04-13 18:18:08
2021-04-13 18:18:11,6847081.0,6849639.0,2021-04-13 18:18:11
2021-04-13 18:18:14,6846215.0,6847079.0,2021-04-13 18:18:14
2021-04-13 18:18:17,6846215.0,6847079.0,2021-04-13 18:18:17
2021-04-13 18:18:20,6846215.0,6847079.0,2021-04-13 18:18:20
2021-04-13 18:18:23,6846216.0,6846217.0,2021-04-13 18:18:23
2021-04-13 18:18:26,6846216.0,6846217.0,2021-04-13 18:18:26
2021-04-13 18:18:30,6846216.0,6846217.0,2021-04-13 18:18:29
2021-04-13 18:18:33,6846216.0,6846217.0,2021-04-13 18:18:33
2021-04-13 18:18:36,6846216.0,6846217.0,2021-04-13 18:18:36
2021-04-13 18:18:39,6846216.0,6846217.0,2021-04-13 18:18:39
2021-04-13 18:18:42,6846216.0,6846217.0,2021-04-13 18:18:42
2021-04-13 18:18:45,6846216.0,6846217.0,2021-04-13 18:18:45
2021-04-13 18:18:48,6846216.0,6846217.0,2021-04-13 18:18:48
2021-04-13 18:18:52,6846216.0,6846217.0,2021-04-13 18:18:52
2021-04-13 18:18:55,6846216.0,6846217.0,2021-04-13 18:18:55
2021-04-13 18:18:58,6846216.0,6846217.0,2021-04-13 18:18:58
2021-04-13 18:19:01,6847002.0,6847079.0,2021-04-13 18:19:01
2021-04-13 18:19:04,6847009.0,6847079.0,2021-04-13 18:19:04
2021-04-13 18:19:07,6847018.0,6847079.0,2021-04-13 18:19:07
2021-04-13 18:19:10,6847025.0,6847079.0,2021-04-13 18:19:10
2021-04-13 18:19:13,6847031.0,6847078.0,2021-04-13 18:19:13
2021-04-13 18:19:16,6847041.0,6847078.0,2021-04-13 18:19:16
2021-04-13 18:19:19,6847049.0,6847077.0,2021-04-13 18:19:19
2021-04-13 18:19:22,6847076.0,6847077.0,2021-04-13 18:19:22
2021-04-13 18:19:25,6847076.0,6847077.0,2021-04-13 18:19:25
2021-04-13 18:19:28,6848007.0,6848467.0,2021-04-13 18:19:28
2021-04-13 18:19:31,6848011.0,6848466.0,2021-04-13 18:19:31
2021-04-13 18:19:35,6848193.0,6848464.0,2021-04-13 18:19:34
2021-04-13 18:19:38,6848001.0,6848462.0,2021-04-13 18:19:38
2021-04-13 18:19:41,6848001.0,6848002.0,2021-04-13 18:19:41
2021-04-13 18:19:44,6848001.0,6848002.0,2021-04-13 18:19:44
2021-04-13 18:19:47,6848001.0,6848002.0,2021-04-13 18:19:47
2021-04-13 18:19:50,6848001.0,6848002.0,2021-04-13 18:19:50
2021-04-13 18:19:53,6848001.0,6848002.0,2021-04-13 18:19:53
2021-04-13 18:19:56,6848000.0,6848002.0,2021-04-13 18:19:56
2021-04-13 18:20:00,6848000.0,6848001.0,2021-04-13 18:19:59
2021-04-13 18:20:03,6848000.0,6848001.0,2021-04-13 18:20:03
2021-04-13 18:20:06,6847082.0,6848001.0,2021-04-13 18:20:06
2021-04-13 18:20:09,6847082.0,6847083.0,2021-04-13 18:20:09
2021-04-13 18:20:12,6847082.0,6847083.0,2021-04-13 18:20:12
2021-04-13 18:20:15,6847082.0,6847083.0,2021-04-13 18:20:15
2021-04-13 18:20:18,6847081.0,6847082.0,2021-04-13 18:20:18
2021-04-13 18:20:21,6847081.0,6847082.0,2021-04-13 18:20:21
2021-04-13 18:20:24,6846216.0,6846217.0,2021-04-13 18:20:24
2021-04-13 18:20:27,6846216.0,6846217.0,2021-04-13 18:20:27
2021-04-13 18:20:30,6846216.0,6846217.0,2021-04-13 18:20:30
2021-04-13 18:20:33,6846216.0,6846217.0,2021-04-13 18:20:33
2021-04-13 18:20:37,6846216.0,6846217.0,2021-04-13 18:20:36
2021-04-13 18:20:40,6841933.0,6841942.0,2021-04-13 18:20:40
2021-04-13 18:20:43,6841938.0,6841941.0,2021-04-13 18:20:43
2021-04-13 18:20:46,6841940.0,6841941.0,2021-04-13 18:20:46
2021-04-13 18:20:49,6841940.0,6841941.0,2021-04-13 18:20:49
2021-04-13 18:20:52,6841940.0,6841941.0,2021-04-13 18:20:52
2021-04-13 18:20:55,6841940.0,6841941.0,2021-04-13 18:20:55
2021-04-13 18:20:58,6841940.0,6841941.0,2021-04-13 18:20:58
2021-04-13 18:21:01,6841940.0,6841941.0,2021-04-13 18:21:01
2021-04-13 18:21:04,6841940.0,6841941.0,2021-04-13 18:21:04
2021-04-13 18:21:08,6841940.0,6841941.0,2021-04-13 18:21:07
2021-04-13 18:21:11,6841940.0,6841941.0,2021-04-13 18:21:11
2021-04-13 18:21:14,6841940.0,6841941.0,2021-04-13 18:21:14
2021-04-13 18:21:17,6841940.0,6841941.0,2021-04-13 18:21:17
2021-04-13 18:21:20,6841940.0,6841941.0,2021-04-13 18:21:20
2021-04-13 18:21:23,6841940.0,6841941.0,2021-04-13 18:21:23
2021-04-13 18:21:26,6841940.0,6841941.0,2021-04-13 18:21:26
2021-04-13 18:21:29,6840020.0,6840021.0,2021-04-13 18:21:29
2021-04-13 18:21:32,6840020.0,6840021.0,2021-04-13 18:21:32
2021-04-13 18:21:35,6840005.0,6840007.0,2021-04-13 18:21:35
2021-04-13 18:21:38,6840005.0,6840006.0,2021-04-13 18:21:38
2021-04-13 18:21:41,6840005.0,6840006.0,2021-04-13 18:21:41
2021-04-13 18:21:44,6840005.0,6840006.0,2021-04-13 18:21:44
2021-04-13 18:21:47,6840005.0,6840006.0,2021-04-13 18:21:47
2021-04-13 18:21:50,6840000.0,6840001.0,2021-04-13 18:21:50
2021-04-13 18:21:53,6840000.0,6840001.0,2021-04-13 18:21:53
2021-04-13 18:21:57,6838000.0,6838889.0,2021-04-13 18:21:56
2021-04-13 18:22:00,6837506.0,6837507.0,2021-04-13 18:22:00
2021-04-13 18:22:03,6833715.0,6834062.0,2021-04-13 18:22:03
2021-04-13 18:22:06,6832713.0,6833716.0,2021-04-13 18:22:06
2021-04-13 18:22:09,6832715.0,6832716.0,2021-04-13 18:22:09
2021-04-13 18:22:12,6830963.0,6831259.0,2021-04-13 18:22:12
2021-04-13 18:22:15,6830966.0,6830967.0,2021-04-13 18:22:15
2021-04-13 18:22:18,6830967.0,6830968.0,2021-04-13 18:22:18
2021-04-13 18:22:21,6831020.0,6831790.0,2021-04-13 18:22:21
2021-04-13 18:22:24,6831029.0,6831259.0,2021-04-13 18:22:24
2021-04-13 18:22:28,6830500.0,6831216.0,2021-04-13 18:22:27
2021-04-13 18:22:31,6830651.0,6830984.0,2021-04-13 18:22:31
2021-04-13 18:22:34,6830983.0,6830984.0,2021-04-13 18:22:34
2021-04-13 18:22:37,6830983.0,6830984.0,2021-04-13 18:22:37
2021-04-13 18:22:40,6830501.0,6830984.0,2021-04-13 18:22:40
2021-04-13 18:22:43,6830983.0,6830984.0,2021-04-13 18:22:43
2021-04-13 18:22:46,6830501.0,6830502.0,2021-04-13 18:22:46
2021-04-13 18:22:49,6830651.0,6832037.0,2021-04-13 18:22:49
2021-04-13 18:22:52,6830725.0,6830884.0,2021-04-13 18:22:52
2021-04-13 18:22:55,6830727.0,6831056.0,2021-04-13 18:22:55
2021-04-13 18:22:58,6830729.0,6830730.0,2021-04-13 18:22:58
2021-04-13 18:23:01,6830728.0,6830729.0,2021-04-13 18:23:01
2021-04-13 18:23:04,6830200.0,6830201.0,2021-04-13 18:23:04
2021-04-13 18:23:08,6830200.0,6830201.0,2021-04-13 18:23:07
2021-04-13 18:23:11,6830000.0,6830005.0,2021-04-13 18:23:11
2021-04-13 18:23:14,6830000.0,6830001.0,2021-04-13 18:23:14
2021-04-13 18:23:17,6829510.0,6829937.0,2021-04-13 18:23:17
2021-04-13 18:23:20,6829510.0,6830000.0,2021-04-13 18:23:20
2021-04-13 18:23:23,6829515.0,6829999.0,2021-04-13 18:23:23
2021-04-13 18:23:26,6829528.0,6829937.0,2021-04-13 18:23:26
2021-04-13 18:23:29,6830529.0,6835451.0,2021-04-13 18:23:29
2021-04-13 18:23:33,6830536.0,6834160.0,2021-04-13 18:23:32
2021-04-13 18:23:36,6833985.0,6834860.0,2021-04-13 18:23:36
2021-04-13 18:23:39,6833994.0,6834685.0,2021-04-13 18:23:39
2021-04-13 18:23:42,6834002.0,6835749.0,2021-04-13 18:23:42
2021-04-13 18:23:45,6834523.0,6835332.0,2021-04-13 18:23:45
2021-04-13 18:23:48,6834525.0,6836451.0,2021-04-13 18:23:48
2021-04-13 18:23:51,6834530.0,6834805.0,2021-04-13 18:23:51
2021-04-13 18:23:54,6834535.0,6834806.0,2021-04-13 18:23:54
2021-04-13 18:23:57,6834538.0,6836979.0,2021-04-13 18:23:57
2021-04-13 18:24:00,6834544.0,6835724.0,2021-04-13 18:24:00
2021-04-13 18:24:03,6835332.0,6835563.0,2021-04-13 18:24:03
2021-04-13 18:24:06,6835332.0,6837548.0,2021-04-13 18:24:06
2021-04-13 18:24:09,6835334.0,6835335.0,2021-04-13 18:24:09
2021-04-13 18:24:12,6835332.0,6835334.0,2021-04-13 18:24:12
2021-04-13 18:24:15,6835332.0,6835333.0,2021-04-13 18:24:15
2021-04-13 18:24:19,6835332.0,6835333.0,2021-04-13 18:24:18
2021-04-13 18:24:22,6835332.0,6835333.0,2021-04-13 18:24:22
2021-04-13 18:24:25,6835332.0,6835333.0,2021-04-13 18:24:25
2021-04-13 18:24:28,6835332.0,6835333.0,2021-04-13 18:24:28
2021-04-13 18:24:31,6835332.0,6835333.0,2021-04-13 18:24:31
2021-04-13 18:24:34,6835335.0,6835734.0,2021-04-13 18:24:34
2021-04-13 18:24:37,6835342.0,6836441.0,2021-04-13 18:24:37
2021-04-13 18:24:40,6835354.0,6835397.0,2021-04-13 18:24:40
2021-04-13 18:24:43,6835359.0,6835397.0,2021-04-13 18:24:43
2021-04-13 18:24:46,6835396.0,6835397.0,2021-04-13 18:24:46
2021-04-13 18:24:49,6835396.0,6835397.0,2021-04-13 18:24:49
2021-04-13 18:24:52,6835396.0,6835397.0,2021-04-13 18:24:52
2021-04-13 18:24:57,6835396.0,6835397.0,2021-04-13 18:24:55
2021-04-13 18:25:00,6835396.0,6835397.0,2021-04-13 18:25:00
2021-04-13 18:25:03,6835396.0,6835397.0,2021-04-13 18:25:03
2021-04-13 18:25:06,6835396.0,6835397.0,2021-04-13 18:25:06
2021-04-13 18:25:09,6835396.0,6835397.0,2021-04-13 18:25:09
2021-04-13 18:25:12,6835396.0,6835397.0,2021-04-13 18:25:12
2021-04-13 18:25:15,6835396.0,6835397.0,2021-04-13 18:25:15
2021-04-13 18:25:18,6835396.0,6835397.0,2021-04-13 18:25:18
2021-04-13 18:25:21,6835396.0,6835397.0,2021-04-13 18:25:21
2021-04-13 18:25:24,6835363.0,6835364.0,2021-04-13 18:25:24
2021-04-13 18:25:27,6835363.0,6835364.0,2021-04-13 18:25:27
2021-04-13 18:25:30,6835363.0,6835364.0,2021-04-13 18:25:30
2021-04-13 18:25:33,6835332.0,6835362.0,2021-04-13 18:25:33
2021-04-13 18:25:36,6835332.0,6835333.0,2021-04-13 18:25:36
2021-04-13 18:25:40,6835332.0,6835333.0,2021-04-13 18:25:40
2021-04-13 18:25:43,6835332.0,6835333.0,2021-04-13 18:25:43
2021-04-13 18:25:46,6835332.0,6835333.0,2021-04-13 18:25:46
2021-04-13 18:25:49,6835332.0,6835333.0,2021-04-13 18:25:49
2021-04-13 18:25:52,6835332.0,6835333.0,2021-04-13 18:25:52
2021-04-13 18:25:55,6835332.0,6835333.0,2021-04-13 18:25:55
2021-04-13 18:25:58,6835332.0,6835333.0,2021-04-13 18:25:58
2021-04-13 18:26:01,6835332.0,6835333.0,2021-04-13 18:26:01
2021-04-13 18:26:04,6835332.0,6835333.0,2021-04-13 18:26:04
2021-04-13 18:26:07,6835332.0,6835333.0,2021-04-13 18:26:07
2021-04-13 18:26:10,6835332.0,6835333.0,2021-04-13 18:26:10
2021-04-13 18:26:13,6835332.0,6835333.0,2021-04-13 18:26:13
2021-04-13 18:26:16,6835332.0,6835333.0,2021-04-13 18:26:16
2021-04-13 18:26:19,6835332.0,6835333.0,2021-04-13 18:26:19
2021-04-13 18:26:22,6835332.0,6835333.0,2021-04-13 18:26:22
2021-04-13 18:26:25,6835332.0,6835333.0,2021-04-13 18:26:25
2021-04-13 18:26:29,6835332.0,6835333.0,2021-04-13 18:26:28
2021-04-13 18:26:32,6835332.0,6835333.0,2021-04-13 18:26:32
2021-04-13 18:26:35,6835332.0,6835333.0,2021-04-13 18:26:35
2021-04-13 18:26:38,6835332.0,6835333.0,2021-04-13 18:26:38
2021-04-13 18:26:41,6835333.0,6835363.0,2021-04-13 18:26:41
2021-04-13 18:26:44,6835362.0,6835363.0,2021-04-13 18:26:44
2021-04-13 18:26:47,6835362.0,6835363.0,2021-04-13 18:26:47
2021-04-13 18:26:50,6835362.0,6835363.0,2021-04-13 18:26:50
2021-04-13 18:26:53,6835362.0,6835363.0,2021-04-13 18:26:53
2021-04-13 18:26:56,6835362.0,6835363.0,2021-04-13 18:26:56
2021-04-13 18:26:59,6835362.0,6835363.0,2021-04-13 18:26:59
2021-04-13 18:27:02,6835362.0,6835363.0,2021-04-13 18:27:02
2021-04-13 18:27:05,6835362.0,6835363.0,2021-04-13 18:27:05
2021-04-13 18:27:08,6835362.0,6835363.0,2021-04-13 18:27:08
2021-04-13 18:27:11,6835362.0,6835363.0,2021-04-13 18:27:11
2021-04-13 18:27:14,6835362.0,6835363.0,2021-04-13 18:27:14
2021-04-13 18:27:17,6835362.0,6835363.0,2021-04-13 18:27:17
2021-04-13 18:27:21,6835362.0,6835363.0,2021-04-13 18:27:20
2021-04-13 18:27:24,6835362.0,6835363.0,2021-04-13 18:27:24
2021-04-13 18:27:27,6835362.0,6835363.0,2021-04-13 18:27:27
2021-04-13 18:27:30,6835362.0,6835363.0,2021-04-13 18:27:30
2021-04-13 18:27:33,6835362.0,6835363.0,2021-04-13 18:27:33
2021-04-13 18:27:36,6835362.0,6835363.0,2021-04-13 18:27:36
2021-04-13 18:27:39,6835362.0,6835363.0,2021-04-13 18:27:39
2021-04-13 18:27:42,6835362.0,6835363.0,2021-04-13 18:27:42
2021-04-13 18:27:45,6835362.0,6835363.0,2021-04-13 18:27:45
2021-04-13 18:27:48,6836499.0,6836500.0,2021-04-13 18:27:48
2021-04-13 18:27:51,6836499.0,6836500.0,2021-04-13 18:27:51
2021-04-13 18:27:54,6836499.0,6836500.0,2021-04-13 18:27:54
2021-04-13 18:27:57,6836499.0,6836500.0,2021-04-13 18:27:57
2021-04-13 18:28:00,6836499.0,6836500.0,2021-04-13 18:28:00
2021-04-13 18:28:03,6836398.0,6836399.0,2021-04-13 18:28:03
2021-04-13 18:28:06,6836398.0,6836399.0,2021-04-13 18:28:06
2021-04-13 18:28:10,6836398.0,6836399.0,2021-04-13 18:28:09
2021-04-13 18:28:13,6836398.0,6836399.0,2021-04-13 18:28:13
2021-04-13 18:28:16,6836398.0,6836399.0,2021-04-13 18:28:16
2021-04-13 18:28:19,6836398.0,6836399.0,2021-04-13 18:28:19
2021-04-13 18:28:22,6835332.0,6836398.0,2021-04-13 18:28:22
2021-04-13 18:28:25,6835332.0,6835333.0,2021-04-13 18:28:25
2021-04-13 18:28:28,6835332.0,6835333.0,2021-04-13 18:28:28
2021-04-13 18:28:31,6835332.0,6835333.0,2021-04-13 18:28:31
2021-04-13 18:28:34,6835332.0,6835333.0,2021-04-13 18:28:34
2021-04-13 18:28:37,6835332.0,6835578.0,2021-04-13 18:28:37
2021-04-13 18:28:40,6835541.0,6836399.0,2021-04-13 18:28:40
2021-04-13 18:28:43,6835555.0,6836399.0,2021-04-13 18:28:43
2021-04-13 18:28:46,6835559.0,6836399.0,2021-04-13 18:28:46
2021-04-13 18:28:49,6835569.0,6836399.0,2021-04-13 18:28:49
2021-04-13 18:28:52,6835577.0,6836399.0,2021-04-13 18:28:52
2021-04-13 18:28:56,6835585.0,6836399.0,2021-04-13 18:28:55
2021-04-13 18:28:59,6835590.0,6836399.0,2021-04-13 18:28:59
2021-04-13 18:29:02,6835600.0,6836399.0,2021-04-13 18:29:02
2021-04-13 18:29:05,6835606.0,6836399.0,2021-04-13 18:29:05
2021-04-13 18:29:08,6835608.0,6836399.0,2021-04-13 18:29:08
2021-04-13 18:29:11,6835608.0,6836399.0,2021-04-13 18:29:11
2021-04-13 18:29:14,6835608.0,6836399.0,2021-04-13 18:29:14
2021-04-13 18:29:17,6835592.0,6835639.0,2021-04-13 18:29:17
2021-04-13 18:29:20,6835592.0,6835995.0,2021-04-13 18:29:20
2021-04-13 18:29:23,6835592.0,6835593.0,2021-04-13 18:29:23
2021-04-13 18:29:26,6835596.0,6836399.0,2021-04-13 18:29:26
2021-04-13 18:29:29,6836297.0,6836399.0,2021-04-13 18:29:29
2021-04-13 18:29:32,6836297.0,6836399.0,2021-04-13 18:29:32
2021-04-13 18:29:35,6835602.0,6835638.0,2021-04-13 18:29:35
2021-04-13 18:29:38,6835605.0,6835638.0,2021-04-13 18:29:38
2021-04-13 18:29:41,6835611.0,6835638.0,2021-04-13 18:29:41
2021-04-13 18:29:44,6835599.0,6835638.0,2021-04-13 18:29:44
2021-04-13 18:29:48,6835599.0,6835638.0,2021-04-13 18:29:47
2021-04-13 18:29:51,6835599.0,6835600.0,2021-04-13 18:29:51
2021-04-13 18:29:54,6835599.0,6835638.0,2021-04-13 18:29:54
2021-04-13 18:29:57,6835599.0,6835600.0,2021-04-13 18:29:57
2021-04-13 18:30:00,6835599.0,6835600.0,2021-04-13 18:30:00
2021-04-13 18:30:03,6835599.0,6835600.0,2021-04-13 18:30:03
2021-04-13 18:30:06,6835599.0,6835600.0,2021-04-13 18:30:06
2021-04-13 18:30:09,6835599.0,6835600.0,2021-04-13 18:30:09
2021-04-13 18:30:12,6835599.0,6835600.0,2021-04-13 18:30:12
2021-04-13 18:30:15,6835599.0,6835600.0,2021-04-13 18:30:15
2021-04-13 18:30:18,6835001.0,6835600.0,2021-04-13 18:30:18
2021-04-13 18:30:21,6835001.0,6835002.0,2021-04-13 18:30:21
2021-04-13 18:30:25,6835001.0,6835002.0,2021-04-13 18:30:24
2021-04-13 18:30:28,6834009.0,6834010.0,2021-04-13 18:30:28
2021-04-13 18:30:31,6832460.0,6834010.0,2021-04-13 18:30:31
2021-04-13 18:30:34,6832000.0,6832001.0,2021-04-13 18:30:34
2021-04-13 18:30:37,6830200.0,6830201.0,2021-04-13 18:30:37
2021-04-13 18:30:40,6830000.0,6830001.0,2021-04-13 18:30:40
2021-04-13 18:30:43,6826085.0,6828870.0,2021-04-13 18:30:43
2021-04-13 18:30:46,6826087.0,6828371.0,2021-04-13 18:30:46
2021-04-13 18:30:49,6826089.0,6828204.0,2021-04-13 18:30:49
2021-04-13 18:30:53,6826091.0,6826092.0,2021-04-13 18:30:52
2021-04-13 18:30:56,6826091.0,6826092.0,2021-04-13 18:30:56
2021-04-13 18:30:59,6821859.0,6826087.0,2021-04-13 18:30:59
2021-04-13 18:31:02,6824011.0,6824012.0,2021-04-13 18:31:02
2021-04-13 18:31:05,6824011.0,6824012.0,2021-04-13 18:31:05
2021-04-13 18:31:08,6824011.0,6826042.0,2021-04-13 18:31:08
2021-04-13 18:31:12,6826040.0,6826041.0,2021-04-13 18:31:11
2021-04-13 18:31:15,6826042.0,6827000.0,2021-04-13 18:31:15
2021-04-13 18:31:18,6826999.0,6827000.0,2021-04-13 18:31:18
2021-04-13 18:31:21,6826999.0,6827000.0,2021-04-13 18:31:21
2021-04-13 18:31:24,6826999.0,6827000.0,2021-04-13 18:31:24
2021-04-13 18:31:27,6826999.0,6827000.0,2021-04-13 18:31:27
2021-04-13 18:31:30,6826041.0,6827000.0,2021-04-13 18:31:30
2021-04-13 18:31:33,6826999.0,6829826.0,2021-04-13 18:31:33
2021-04-13 18:31:36,6826999.0,6827058.0,2021-04-13 18:31:36
2021-04-13 18:31:39,6826999.0,6827000.0,2021-04-13 18:31:39
2021-04-13 18:31:42,6826999.0,6827000.0,2021-04-13 18:31:42
2021-04-13 18:31:46,6826999.0,6827000.0,2021-04-13 18:31:45
2021-04-13 18:31:49,6826999.0,6827000.0,2021-04-13 18:31:49
2021-04-13 18:31:52,6826999.0,6827000.0,2021-04-13 18:31:52
2021-04-13 18:31:55,6824015.0,6824016.0,2021-04-13 18:31:55
2021-04-13 18:31:58,6824015.0,6824016.0,2021-04-13 18:31:58
2021-04-13 18:32:01,6824011.0,6824014.0,2021-04-13 18:32:01
2021-04-13 18:32:04,6824011.0,6824012.0,2021-04-13 18:32:04
2021-04-13 18:32:07,6824011.0,6824879.0,2021-04-13 18:32:07
2021-04-13 18:32:10,6824012.0,6824013.0,2021-04-13 18:32:10
2021-04-13 18:32:13,6824011.0,6824012.0,2021-04-13 18:32:13
2021-04-13 18:32:16,6824011.0,6824012.0,2021-04-13 18:32:16
2021-04-13 18:32:19,6824011.0,6824012.0,2021-04-13 18:32:19
2021-04-13 18:32:22,6824011.0,6824012.0,2021-04-13 18:32:22
2021-04-13 18:32:25,6824011.0,6824012.0,2021-04-13 18:32:25
2021-04-13 18:32:28,6824011.0,6824012.0,2021-04-13 18:32:28
2021-04-13 18:32:31,6824011.0,6824012.0,2021-04-13 18:32:31
2021-04-13 18:32:34,6824011.0,6824012.0,2021-04-13 18:32:34
2021-04-13 18:32:38,6824011.0,6824012.0,2021-04-13 18:32:37
2021-04-13 18:32:41,6824011.0,6824012.0,2021-04-13 18:32:41
2021-04-13 18:32:44,6824011.0,6824012.0,2021-04-13 18:32:44
2021-04-13 18:32:47,6824011.0,6824012.0,2021-04-13 18:32:47
2021-04-13 18:32:50,6824011.0,6824012.0,2021-04-13 18:32:50
2021-04-13 18:32:53,6824011.0,6824012.0,2021-04-13 18:32:53
2021-04-13 18:32:56,6824011.0,6824012.0,2021-04-13 18:32:56
2021-04-13 18:32:59,6824011.0,6824012.0,2021-04-13 18:32:59
2021-04-13 18:33:02,6824011.0,6824012.0,2021-04-13 18:33:02
2021-04-13 18:33:05,6824011.0,6824012.0,2021-04-13 18:33:05
2021-04-13 18:33:08,6824011.0,6824012.0,2021-04-13 18:33:08
2021-04-13 18:33:12,6824011.0,6824012.0,2021-04-13 18:33:12
2021-04-13 18:33:15,6822699.0,6822958.0,2021-04-13 18:33:15
2021-04-13 18:33:18,6820005.0,6820006.0,2021-04-13 18:33:18
2021-04-13 18:33:21,6820005.0,6820006.0,2021-04-13 18:33:21
2021-04-13 18:33:24,6820005.0,6820006.0,2021-04-13 18:33:24
2021-04-13 18:33:27,6820005.0,6820006.0,2021-04-13 18:33:27
2021-04-13 18:33:30,6820005.0,6820006.0,2021-04-13 18:33:30
2021-04-13 18:33:33,6820005.0,6820006.0,2021-04-13 18:33:33
2021-04-13 18:33:37,6820005.0,6820006.0,2021-04-13 18:33:37
2021-04-13 18:33:40,6820005.0,6820006.0,2021-04-13 18:33:40
2021-04-13 18:33:43,6820005.0,6820006.0,2021-04-13 18:33:43
2021-04-13 18:33:46,6820005.0,6820006.0,2021-04-13 18:33:46
2021-04-13 18:33:49,6820005.0,6820006.0,2021-04-13 18:33:49
2021-04-13 18:33:52,6820005.0,6820006.0,2021-04-13 18:33:52
2021-04-13 18:33:55,6820009.0,6823947.0,2021-04-13 18:33:55
2021-04-13 18:33:58,6823228.0,6824879.0,2021-04-13 18:33:58
2021-04-13 18:34:01,6823234.0,6824447.0,2021-04-13 18:34:01
2021-04-13 18:34:04,6824398.0,6824399.0,2021-04-13 18:34:04
2021-04-13 18:34:07,6824398.0,6824399.0,2021-04-13 18:34:07
2021-04-13 18:34:10,6821772.0,6823144.0,2021-04-13 18:34:10
2021-04-13 18:34:13,6823028.0,6823029.0,2021-04-13 18:34:13
2021-04-13 18:34:16,6823031.0,6823032.0,2021-04-13 18:34:16
2021-04-13 18:34:19,6821772.0,6821779.0,2021-04-13 18:34:19
2021-04-13 18:34:22,6821775.0,6821776.0,2021-04-13 18:34:22
2021-04-13 18:34:26,6821775.0,6821776.0,2021-04-13 18:34:25
2021-04-13 18:34:29,6821775.0,6821776.0,2021-04-13 18:34:29
2021-04-13 18:34:32,6821775.0,6821776.0,2021-04-13 18:34:32
2021-04-13 18:34:35,6821775.0,6821776.0,2021-04-13 18:34:35
2021-04-13 18:34:38,6821775.0,6821776.0,2021-04-13 18:34:38
2021-04-13 18:34:41,6821778.0,6821779.0,2021-04-13 18:34:41
2021-04-13 18:34:44,6821778.0,6823205.0,2021-04-13 18:34:44
2021-04-13 18:34:47,6821780.0,6821781.0,2021-04-13 18:34:47
2021-04-13 18:34:50,6822312.0,6823205.0,2021-04-13 18:34:50
2021-04-13 18:34:53,6823204.0,6823205.0,2021-04-13 18:34:53
2021-04-13 18:34:56,6823204.0,6823205.0,2021-04-13 18:34:56
2021-04-13 18:34:59,6823204.0,6823205.0,2021-04-13 18:34:59
2021-04-13 18:35:02,6823204.0,6823205.0,2021-04-13 18:35:02
2021-04-13 18:35:05,6823204.0,6823205.0,2021-04-13 18:35:05
2021-04-13 18:35:08,6823204.0,6823205.0,2021-04-13 18:35:08
2021-04-13 18:35:11,6823204.0,6823205.0,2021-04-13 18:35:11
2021-04-13 18:35:15,6823204.0,6823205.0,2021-04-13 18:35:14
2021-04-13 18:35:18,6823204.0,6825000.0,2021-04-13 18:35:18
2021-04-13 18:35:21,6829825.0,6829826.0,2021-04-13 18:35:21
2021-04-13 18:35:24,6828273.0,6828587.0,2021-04-13 18:35:24
2021-04-13 18:35:27,6829272.0,6829273.0,2021-04-13 18:35:27
2021-04-13 18:35:30,6829272.0,6829826.0,2021-04-13 18:35:30
2021-04-13 18:35:33,6829825.0,6829826.0,2021-04-13 18:35:33
2021-04-13 18:35:36,6829825.0,6829826.0,2021-04-13 18:35:36
2021-04-13 18:35:39,6829833.0,6830801.0,2021-04-13 18:35:39
2021-04-13 18:35:42,6829837.0,6831838.0,2021-04-13 18:35:42
2021-04-13 18:35:45,6831740.0,6831839.0,2021-04-13 18:35:45
2021-04-13 18:35:48,6831742.0,6831840.0,2021-04-13 18:35:48
2021-04-13 18:35:51,6831746.0,6832317.0,2021-04-13 18:35:51
2021-04-13 18:35:54,6831746.0,6831923.0,2021-04-13 18:35:54
2021-04-13 18:35:57,6831746.0,6832293.0,2021-04-13 18:35:57
2021-04-13 18:36:00,6829968.0,6831747.0,2021-04-13 18:36:00
2021-04-13 18:36:04,6829973.0,6830819.0,2021-04-13 18:36:03
2021-04-13 18:36:07,6829976.0,6830575.0,2021-04-13 18:36:07
2021-04-13 18:36:10,6829968.0,6829969.0,2021-04-13 18:36:10
2021-04-13 18:36:13,6828300.0,6829168.0,2021-04-13 18:36:13
2021-04-13 18:36:16,6829007.0,6831154.0,2021-04-13 18:36:16
2021-04-13 18:36:19,6830044.0,6831154.0,2021-04-13 18:36:19
2021-04-13 18:36:22,6830047.0,6830259.0,2021-04-13 18:36:22
2021-04-13 18:36:25,6827746.0,6827749.0,2021-04-13 18:36:25
2021-04-13 18:36:28,6827699.0,6827700.0,2021-04-13 18:36:28
2021-04-13 18:36:31,6825200.0,6827543.0,2021-04-13 18:36:31
2021-04-13 18:36:34,6827158.0,6827700.0,2021-04-13 18:36:34
2021-04-13 18:36:37,6827699.0,6827700.0,2021-04-13 18:36:37
2021-04-13 18:36:40,6827699.0,6827700.0,2021-04-13 18:36:40
2021-04-13 18:36:43,6827699.0,6827700.0,2021-04-13 18:36:43
2021-04-13 18:36:46,6827699.0,6827700.0,2021-04-13 18:36:46
2021-04-13 18:36:49,6827699.0,6827700.0,2021-04-13 18:36:49
2021-04-13 18:36:53,6827699.0,6827700.0,2021-04-13 18:36:52
2021-04-13 18:36:56,6827699.0,6827700.0,2021-04-13 18:36:56
2021-04-13 18:36:59,6827699.0,6827700.0,2021-04-13 18:36:59
2021-04-13 18:37:02,6827699.0,6827700.0,2021-04-13 18:37:02
2021-04-13 18:37:05,6826420.0,6827563.0,2021-04-13 18:37:05
2021-04-13 18:37:08,6826422.0,6826637.0,2021-04-13 18:37:08
2021-04-13 18:37:11,6825206.0,6825495.0,2021-04-13 18:37:11
2021-04-13 18:37:14,6825212.0,6825492.0,2021-04-13 18:37:14
2021-04-13 18:37:17,6825221.0,6827693.0,2021-04-13 18:37:17
2021-04-13 18:37:20,6827595.0,6827700.0,2021-04-13 18:37:20
2021-04-13 18:37:23,6827699.0,6827700.0,2021-04-13 18:37:23
2021-04-13 18:37:26,6827699.0,6827700.0,2021-04-13 18:37:26
2021-04-13 18:37:29,6827700.0,6831464.0,2021-04-13 18:37:29
2021-04-13 18:37:32,6828589.0,6830941.0,2021-04-13 18:37:32
2021-04-13 18:37:35,6828597.0,6830941.0,2021-04-13 18:37:35
2021-04-13 18:37:38,6828605.0,6830946.0,2021-04-13 18:37:38
2021-04-13 18:37:41,6828613.0,6830000.0,2021-04-13 18:37:41
2021-04-13 18:37:45,6828621.0,6830000.0,2021-04-13 18:37:44
2021-04-13 18:37:48,6828628.0,6830000.0,2021-04-13 18:37:48
2021-04-13 18:37:51,6829999.0,6830000.0,2021-04-13 18:37:51
2021-04-13 18:37:54,6829999.0,6830000.0,2021-04-13 18:37:54
2021-04-13 18:37:57,6829999.0,6830000.0,2021-04-13 18:37:57
2021-04-13 18:38:00,6829999.0,6830000.0,2021-04-13 18:38:00
2021-04-13 18:38:03,6830545.0,6830546.0,2021-04-13 18:38:03
2021-04-13 18:38:06,6830545.0,6830546.0,2021-04-13 18:38:06
2021-04-13 18:38:09,6830545.0,6830546.0,2021-04-13 18:38:09
2021-04-13 18:38:12,6830545.0,6830546.0,2021-04-13 18:38:12
2021-04-13 18:38:15,6830545.0,6830546.0,2021-04-13 18:38:15
2021-04-13 18:38:18,6830545.0,6830546.0,2021-04-13 18:38:18
2021-04-13 18:38:21,6830570.0,6834373.0,2021-04-13 18:38:21
2021-04-13 18:38:24,6833311.0,6833312.0,2021-04-13 18:38:24
2021-04-13 18:38:27,6833311.0,6833312.0,2021-04-13 18:38:27
2021-04-13 18:38:30,6833311.0,6833312.0,2021-04-13 18:38:30
2021-04-13 18:38:33,6833311.0,6833312.0,2021-04-13 18:38:33
2021-04-13 18:38:36,6834272.0,6834373.0,2021-04-13 18:38:36
2021-04-13 18:38:40,6834372.0,6834373.0,2021-04-13 18:38:39
2021-04-13 18:38:43,6834372.0,6834373.0,2021-04-13 18:38:43
2021-04-13 18:38:46,6834372.0,6834373.0,2021-04-13 18:38:46
2021-04-13 18:38:49,6832426.0,6832428.0,2021-04-13 18:38:49
2021-04-13 18:38:52,6832272.0,6832423.0,2021-04-13 18:38:52
2021-04-13 18:38:55,6834372.0,6834373.0,2021-04-13 18:38:55
2021-04-13 18:38:58,6834372.0,6834373.0,2021-04-13 18:38:58
2021-04-13 18:39:01,6834372.0,6834373.0,2021-04-13 18:39:01
2021-04-13 18:39:04,6833750.0,6834373.0,2021-04-13 18:39:04
2021-04-13 18:39:07,6831578.0,6833743.0,2021-04-13 18:39:07
2021-04-13 18:39:10,6831584.0,6832625.0,2021-04-13 18:39:10
2021-04-13 18:39:13,6831592.0,6834159.0,2021-04-13 18:39:13
2021-04-13 18:39:16,6830192.0,6832541.0,2021-04-13 18:39:16
2021-04-13 18:39:19,6830193.0,6831595.0,2021-04-13 18:39:19
2021-04-13 18:39:22,6830193.0,6830898.0,2021-04-13 18:39:22
2021-04-13 18:39:25,6830193.0,6830889.0,2021-04-13 18:39:25
2021-04-13 18:39:29,6830193.0,6830880.0,2021-04-13 18:39:28
2021-04-13 18:39:32,6830824.0,6831588.0,2021-04-13 18:39:32
2021-04-13 18:39:35,6831490.0,6834026.0,2021-04-13 18:39:35
2021-04-13 18:39:38,6832431.0,6834021.0,2021-04-13 18:39:38
2021-04-13 18:39:41,6832439.0,6834372.0,2021-04-13 18:39:41
2021-04-13 18:39:44,6833925.0,6834372.0,2021-04-13 18:39:44
2021-04-13 18:39:47,6834372.0,6834373.0,2021-04-13 18:39:47
2021-04-13 18:39:50,6834372.0,6834373.0,2021-04-13 18:39:50
2021-04-13 18:39:53,6834372.0,6834373.0,2021-04-13 18:39:53
2021-04-13 18:39:56,6834372.0,6834373.0,2021-04-13 18:39:56
2021-04-13 18:39:59,6834372.0,6834373.0,2021-04-13 18:39:59
2021-04-13 18:40:02,6834372.0,6834373.0,2021-04-13 18:40:02
2021-04-13 18:40:05,6834372.0,6834373.0,2021-04-13 18:40:05
2021-04-13 18:40:08,6834372.0,6834373.0,2021-04-13 18:40:08
2021-04-13 18:40:11,6834372.0,6834373.0,2021-04-13 18:40:11
2021-04-13 18:40:14,6834372.0,6834373.0,2021-04-13 18:40:14
2021-04-13 18:40:17,6834372.0,6834373.0,2021-04-13 18:40:17
2021-04-13 18:40:21,6834372.0,6834373.0,2021-04-13 18:40:20
2021-04-13 18:40:24,6834372.0,6834373.0,2021-04-13 18:40:24
2021-04-13 18:40:27,6834372.0,6834373.0,2021-04-13 18:40:27
2021-04-13 18:40:30,6834372.0,6834373.0,2021-04-13 18:40:30
2021-04-13 18:40:33,6834372.0,6834373.0,2021-04-13 18:40:33
2021-04-13 18:40:36,6834372.0,6834373.0,2021-04-13 18:40:36
2021-04-13 18:40:39,6834372.0,6834373.0,2021-04-13 18:40:39
2021-04-13 18:40:42,6834372.0,6834373.0,2021-04-13 18:40:42
2021-04-13 18:40:45,6834372.0,6834373.0,2021-04-13 18:40:45
2021-04-13 18:40:48,6834372.0,6834373.0,2021-04-13 18:40:48
2021-04-13 18:40:51,6834372.0,6834373.0,2021-04-13 18:40:51
2021-04-13 18:40:54,6834372.0,6834373.0,2021-04-13 18:40:54
2021-04-13 18:40:57,6834372.0,6834373.0,2021-04-13 18:40:57
2021-04-13 18:41:00,6834372.0,6834373.0,2021-04-13 18:41:00
2021-04-13 18:41:03,6834372.0,6834373.0,2021-04-13 18:41:03
2021-04-13 18:41:06,6834372.0,6834373.0,2021-04-13 18:41:06
2021-04-13 18:41:09,6834372.0,6834373.0,2021-04-13 18:41:09
2021-04-13 18:41:12,6834377.0,6834380.0,2021-04-13 18:41:12
2021-04-13 18:41:16,6834379.0,6834380.0,2021-04-13 18:41:16
2021-04-13 18:41:19,6834379.0,6834380.0,2021-04-13 18:41:19
2021-04-13 18:41:22,6834379.0,6834380.0,2021-04-13 18:41:22
2021-04-13 18:41:25,6834379.0,6834380.0,2021-04-13 18:41:25
2021-04-13 18:41:28,6834379.0,6834380.0,2021-04-13 18:41:28
2021-04-13 18:41:31,6834379.0,6834380.0,2021-04-13 18:41:31
2021-04-13 18:41:34,6834379.0,6834380.0,2021-04-13 18:41:34
2021-04-13 18:41:37,6834379.0,6834380.0,2021-04-13 18:41:37
2021-04-13 18:41:40,6834379.0,6834380.0,2021-04-13 18:41:40
2021-04-13 18:41:43,6834379.0,6834380.0,2021-04-13 18:41:43
2021-04-13 18:41:46,6834379.0,6834380.0,2021-04-13 18:41:46
2021-04-13 18:41:49,6834379.0,6834380.0,2021-04-13 18:41:49
2021-04-13 18:41:52,6834379.0,6834380.0,2021-04-13 18:41:52
2021-04-13 18:41:55,6834379.0,6834380.0,2021-04-13 18:41:55
2021-04-13 18:41:58,6834379.0,6834380.0,2021-04-13 18:41:58
2021-04-13 18:42:01,6834379.0,6834380.0,2021-04-13 18:42:01
2021-04-13 18:42:05,6834379.0,6834380.0,2021-04-13 18:42:04
2021-04-13 18:42:08,6839585.0,6841367.0,2021-04-13 18:42:08
2021-04-13 18:42:11,6839593.0,6841120.0,2021-04-13 18:42:11
2021-04-13 18:42:14,6839599.0,6841120.0,2021-04-13 18:42:14
2021-04-13 18:42:17,6839607.0,6841120.0,2021-04-13 18:42:17
2021-04-13 18:42:20,6839613.0,6841120.0,2021-04-13 18:42:20
2021-04-13 18:42:23,6840587.0,6841120.0,2021-04-13 18:42:23
2021-04-13 18:42:26,6840590.0,6840727.0,2021-04-13 18:42:26
2021-04-13 18:42:29,6840593.0,6840726.0,2021-04-13 18:42:29
2021-04-13 18:42:32,6840593.0,6840594.0,2021-04-13 18:42:32
2021-04-13 18:42:35,6840593.0,6840594.0,2021-04-13 18:42:35
2021-04-13 18:42:38,6840593.0,6840594.0,2021-04-13 18:42:38
2021-04-13 18:42:41,6837271.0,6839582.0,2021-04-13 18:42:41
2021-04-13 18:42:44,6837271.0,6837272.0,2021-04-13 18:42:44
2021-04-13 18:42:47,6837271.0,6837272.0,2021-04-13 18:42:47
2021-04-13 18:42:50,6837271.0,6837272.0,2021-04-13 18:42:50
2021-04-13 18:42:54,6837271.0,6841118.0,2021-04-13 18:42:53
2021-04-13 18:42:57,6838461.0,6841120.0,2021-04-13 18:42:57
2021-04-13 18:43:00,6838467.0,6841120.0,2021-04-13 18:43:00
2021-04-13 18:43:03,6839701.0,6841120.0,2021-04-13 18:43:03
2021-04-13 18:43:06,6840722.0,6841120.0,2021-04-13 18:43:06
2021-04-13 18:43:09,6840730.0,6841120.0,2021-04-13 18:43:09
2021-04-13 18:43:12,6840736.0,6840737.0,2021-04-13 18:43:12
2021-04-13 18:43:15,6840733.0,6840735.0,2021-04-13 18:43:15
2021-04-13 18:43:18,6840733.0,6840734.0,2021-04-13 18:43:18
2021-04-13 18:43:21,6840733.0,6840734.0,2021-04-13 18:43:21
2021-04-13 18:43:24,6840733.0,6840734.0,2021-04-13 18:43:24
2021-04-13 18:43:27,6840720.0,6840732.0,2021-04-13 18:43:27
2021-04-13 18:43:30,6840720.0,6840721.0,2021-04-13 18:43:30
2021-04-13 18:43:33,6840719.0,6840720.0,2021-04-13 18:43:33
2021-04-13 18:43:36,6840719.0,6840720.0,2021-04-13 18:43:36
2021-04-13 18:43:40,6840719.0,6840720.0,2021-04-13 18:43:39
2021-04-13 18:43:43,6840719.0,6840720.0,2021-04-13 18:43:43
2021-04-13 18:43:46,6841000.0,6841118.0,2021-04-13 18:43:46
2021-04-13 18:43:49,6841000.0,6841001.0,2021-04-13 18:43:49
2021-04-13 18:43:52,6841000.0,6841001.0,2021-04-13 18:43:52
2021-04-13 18:43:55,6841000.0,6841001.0,2021-04-13 18:43:55
2021-04-13 18:43:58,6841000.0,6841001.0,2021-04-13 18:43:58
2021-04-13 18:44:01,6841000.0,6841001.0,2021-04-13 18:44:01
2021-04-13 18:44:04,6841000.0,6841001.0,2021-04-13 18:44:04
2021-04-13 18:44:07,6841000.0,6841001.0,2021-04-13 18:44:07
2021-04-13 18:44:10,6841000.0,6841001.0,2021-04-13 18:44:10
2021-04-13 18:44:13,6841000.0,6841001.0,2021-04-13 18:44:13
2021-04-13 18:44:16,6841000.0,6841001.0,2021-04-13 18:44:16
2021-04-13 18:44:19,6841000.0,6841001.0,2021-04-13 18:44:19
2021-04-13 18:44:22,6841000.0,6841001.0,2021-04-13 18:44:22
2021-04-13 18:44:25,6841000.0,6841001.0,2021-04-13 18:44:25
2021-04-13 18:44:29,6841000.0,6841001.0,2021-04-13 18:44:28
2021-04-13 18:44:32,6838467.0,6838468.0,2021-04-13 18:44:32
2021-04-13 18:44:35,6837271.0,6837274.0,2021-04-13 18:44:35
2021-04-13 18:44:38,6837271.0,6837272.0,2021-04-13 18:44:38
2021-04-13 18:44:41,6837271.0,6837272.0,2021-04-13 18:44:41
2021-04-13 18:44:44,6837271.0,6837272.0,2021-04-13 18:44:44
2021-04-13 18:44:47,6837271.0,6837272.0,2021-04-13 18:44:47
2021-04-13 18:44:50,6837271.0,6837272.0,2021-04-13 18:44:50
2021-04-13 18:44:54,6835880.0,6835881.0,2021-04-13 18:44:53
2021-04-13 18:44:57,6835880.0,6835881.0,2021-04-13 18:44:57
2021-04-13 18:45:00,6835880.0,6835881.0,2021-04-13 18:45:00
2021-04-13 18:45:03,6835880.0,6835881.0,2021-04-13 18:45:03
2021-04-13 18:45:06,6835880.0,6835881.0,2021-04-13 18:45:06
2021-04-13 18:45:09,6835880.0,6835881.0,2021-04-13 18:45:09
2021-04-13 18:45:12,6835880.0,6835881.0,2021-04-13 18:45:12
2021-04-13 18:45:15,6835880.0,6835881.0,2021-04-13 18:45:15
2021-04-13 18:45:19,6837271.0,6837272.0,2021-04-13 18:45:18
2021-04-13 18:45:22,6838129.0,6844471.0,2021-04-13 18:45:22
2021-04-13 18:45:25,6843452.0,6844297.0,2021-04-13 18:45:25
2021-04-13 18:45:28,6844071.0,6844296.0,2021-04-13 18:45:28
2021-04-13 18:45:31,6844078.0,6844296.0,2021-04-13 18:45:31
2021-04-13 18:45:34,6844295.0,6844296.0,2021-04-13 18:45:34
2021-04-13 18:45:37,6844295.0,6844296.0,2021-04-13 18:45:37
2021-04-13 18:45:40,6844296.0,6844297.0,2021-04-13 18:45:40
2021-04-13 18:45:43,6844296.0,6844297.0,2021-04-13 18:45:43
2021-04-13 18:45:46,6844296.0,6844297.0,2021-04-13 18:45:46
2021-04-13 18:45:49,6844296.0,6844297.0,2021-04-13 18:45:49
2021-04-13 18:45:52,6844296.0,6844297.0,2021-04-13 18:45:52
2021-04-13 18:45:55,6844296.0,6844297.0,2021-04-13 18:45:55
2021-04-13 18:45:58,6844296.0,6844297.0,2021-04-13 18:45:58
2021-04-13 18:46:01,6844296.0,6844297.0,2021-04-13 18:46:01
2021-04-13 18:46:05,6844299.0,6844300.0,2021-04-13 18:46:04
2021-04-13 18:46:08,6844299.0,6844300.0,2021-04-13 18:46:08
2021-04-13 18:46:11,6846159.0,6847009.0,2021-04-13 18:46:11
2021-04-13 18:46:14,6848848.0,6848849.0,2021-04-13 18:46:14
2021-04-13 18:46:17,6848849.0,6850000.0,2021-04-13 18:46:17
2021-04-13 18:46:20,6851110.0,6851111.0,2021-04-13 18:46:20
2021-04-13 18:46:23,6851110.0,6851111.0,2021-04-13 18:46:23
2021-04-13 18:46:26,6851110.0,6851111.0,2021-04-13 18:46:26
2021-04-13 18:46:29,6851110.0,6851111.0,2021-04-13 18:46:29
2021-04-13 18:46:32,6851110.0,6851111.0,2021-04-13 18:46:32
2021-04-13 18:46:35,6853774.0,6853775.0,2021-04-13 18:46:35
2021-04-13 18:46:38,6856050.0,6856051.0,2021-04-13 18:46:38
2021-04-13 18:46:41,6857807.0,6857941.0,2021-04-13 18:46:41
2021-04-13 18:46:44,6857940.0,6857941.0,2021-04-13 18:46:44
2021-04-13 18:46:47,6857940.0,6857941.0,2021-04-13 18:46:47
2021-04-13 18:46:50,6857940.0,6857941.0,2021-04-13 18:46:50
2021-04-13 18:46:54,6857940.0,6857941.0,2021-04-13 18:46:53
2021-04-13 18:46:57,6857940.0,6857941.0,2021-04-13 18:46:57
2021-04-13 18:47:00,6857940.0,6857941.0,2021-04-13 18:47:00
2021-04-13 18:47:03,6857940.0,6857941.0,2021-04-13 18:47:03
2021-04-13 18:47:06,6855302.0,6856049.0,2021-04-13 18:47:06
2021-04-13 18:47:09,6855302.0,6855303.0,2021-04-13 18:47:09
2021-04-13 18:47:12,6855302.0,6855303.0,2021-04-13 18:47:12
2021-04-13 18:47:15,6855302.0,6855303.0,2021-04-13 18:47:15
2021-04-13 18:47:18,6855302.0,6855303.0,2021-04-13 18:47:18
2021-04-13 18:47:21,6855302.0,6855303.0,2021-04-13 18:47:21
2021-04-13 18:47:24,6858748.0,6860000.0,2021-04-13 18:47:24
2021-04-13 18:47:27,6858754.0,6860000.0,2021-04-13 18:47:27
2021-04-13 18:47:30,6859999.0,6860000.0,2021-04-13 18:47:30
2021-04-13 18:47:33,6859999.0,6860000.0,2021-04-13 18:47:33
2021-04-13 18:47:36,6859999.0,6860000.0,2021-04-13 18:47:36
2021-04-13 18:47:39,6859999.0,6860000.0,2021-04-13 18:47:39
2021-04-13 18:47:42,6859999.0,6860000.0,2021-04-13 18:47:42
2021-04-13 18:47:45,6859999.0,6860000.0,2021-04-13 18:47:45
2021-04-13 18:47:49,6859999.0,6860000.0,2021-04-13 18:47:49
2021-04-13 18:47:52,6859999.0,6860000.0,2021-04-13 18:47:52
2021-04-13 18:47:55,6859999.0,6860000.0,2021-04-13 18:47:55
2021-04-13 18:47:58,6859999.0,6860000.0,2021-04-13 18:47:58
2021-04-13 18:48:01,6859999.0,6860000.0,2021-04-13 18:48:01
2021-04-13 18:48:04,6859999.0,6860000.0,2021-04-13 18:48:04
2021-04-13 18:48:07,6859999.0,6860000.0,2021-04-13 18:48:07
2021-04-13 18:48:10,6860000.0,6860005.0,2021-04-13 18:48:10
2021-04-13 18:48:13,6860800.0,6865000.0,2021-04-13 18:48:13
2021-04-13 18:48:16,6868003.0,6874000.0,2021-04-13 18:48:16
2021-04-13 18:48:19,6872495.0,6873998.0,2021-04-13 18:48:19
2021-04-13 18:48:22,6873903.0,6874000.0,2021-04-13 18:48:22
2021-04-13 18:48:25,6879869.0,6880000.0,2021-04-13 18:48:25
2021-04-13 18:48:28,6879877.0,6880000.0,2021-04-13 18:48:28
2021-04-13 18:48:31,6879883.0,6880000.0,2021-04-13 18:48:31
2021-04-13 18:48:34,6880739.0,6881135.0,2021-04-13 18:48:34
2021-04-13 18:48:37,6880005.0,6880007.0,2021-04-13 18:48:37
2021-04-13 18:48:41,6875990.0,6875995.0,2021-04-13 18:48:40
2021-04-13 18:48:44,6875993.0,6880003.0,2021-04-13 18:48:44
2021-04-13 18:48:47,6880003.0,6882383.0,2021-04-13 18:48:47
2021-04-13 18:48:50,6882505.0,6883583.0,2021-04-13 18:48:50
2021-04-13 18:48:53,6882516.0,6883583.0,2021-04-13 18:48:53
2021-04-13 18:48:56,6882526.0,6883583.0,2021-04-13 18:48:56
2021-04-13 18:48:59,6883586.0,6883739.0,2021-04-13 18:48:59
2021-04-13 18:49:02,6888000.0,6888888.0,2021-04-13 18:49:02
2021-04-13 18:49:05,6888010.0,6888599.0,2021-04-13 18:49:05
2021-04-13 18:49:08,6888014.0,6888303.0,2021-04-13 18:49:08
2021-04-13 18:49:11,6888005.0,6888853.0,2021-04-13 18:49:11
2021-04-13 18:49:14,6887584.0,6887585.0,2021-04-13 18:49:14
2021-04-13 18:49:17,6886369.0,6886370.0,2021-04-13 18:49:17
2021-04-13 18:49:20,6886369.0,6886370.0,2021-04-13 18:49:20
2021-04-13 18:49:23,6887788.0,6893577.0,2021-04-13 18:49:23
2021-04-13 18:49:27,6887797.0,6888168.0,2021-04-13 18:49:26
2021-04-13 18:49:30,6887804.0,6888167.0,2021-04-13 18:49:30
2021-04-13 18:49:33,6887805.0,6887806.0,2021-04-13 18:49:33
2021-04-13 18:49:36,6887810.0,6888219.0,2021-04-13 18:49:36
2021-04-13 18:49:39,6887816.0,6889108.0,2021-04-13 18:49:39
2021-04-13 18:49:42,6888603.0,6888971.0,2021-04-13 18:49:42
2021-04-13 18:49:46,6888615.0,6888790.0,2021-04-13 18:49:46
2021-04-13 18:49:49,6888617.0,6888618.0,2021-04-13 18:49:49
2021-04-13 18:49:52,6888617.0,6888618.0,2021-04-13 18:49:52
2021-04-13 18:49:55,6888617.0,6888618.0,2021-04-13 18:49:55
2021-04-13 18:49:58,6888617.0,6888618.0,2021-04-13 18:49:58
2021-04-13 18:50:01,6888617.0,6888618.0,2021-04-13 18:50:01
2021-04-13 18:50:04,6888617.0,6894534.0,2021-04-13 18:50:04
2021-04-13 18:50:07,6888693.0,6890000.0,2021-04-13 18:50:07
2021-04-13 18:50:10,6888892.0,6890000.0,2021-04-13 18:50:10
2021-04-13 18:50:13,6889999.0,6890000.0,2021-04-13 18:50:13
2021-04-13 18:50:16,6896011.0,6896012.0,2021-04-13 18:50:16
2021-04-13 18:50:19,6896011.0,6896012.0,2021-04-13 18:50:19
2021-04-13 18:50:23,6896982.0,6897501.0,2021-04-13 18:50:22
2021-04-13 18:50:26,6896982.0,6896983.0,2021-04-13 18:50:26
2021-04-13 18:50:29,6896982.0,6896983.0,2021-04-13 18:50:29
2021-04-13 18:50:32,6899000.0,6899558.0,2021-04-13 18:50:32
2021-04-13 18:50:35,6897893.0,6897894.0,2021-04-13 18:50:35
2021-04-13 18:50:38,6896982.0,6896985.0,2021-04-13 18:50:38
2021-04-13 18:50:41,6897000.0,6897002.0,2021-04-13 18:50:41
2021-04-13 18:50:44,6897001.0,6897002.0,2021-04-13 18:50:44
2021-04-13 18:50:47,6897001.0,6897002.0,2021-04-13 18:50:47
2021-04-13 18:50:50,6897001.0,6897002.0,2021-04-13 18:50:50
2021-04-13 18:50:53,6897001.0,6897139.0,2021-04-13 18:50:53
2021-04-13 18:50:56,6897002.0,6897004.0,2021-04-13 18:50:56
2021-04-13 18:50:59,6897002.0,6897003.0,2021-04-13 18:50:59
2021-04-13 18:51:03,6897002.0,6897003.0,2021-04-13 18:51:03
2021-04-13 18:51:06,6897002.0,6897003.0,2021-04-13 18:51:06
2021-04-13 18:51:09,6897014.0,6898851.0,2021-04-13 18:51:09
2021-04-13 18:51:12,6898213.0,6898851.0,2021-04-13 18:51:12
2021-04-13 18:51:16,6897026.0,6898851.0,2021-04-13 18:51:16
2021-04-13 18:51:19,6897027.0,6897028.0,2021-04-13 18:51:19
2021-04-13 18:51:22,6897027.0,6897028.0,2021-04-13 18:51:22
2021-04-13 18:51:25,6898850.0,6898851.0,2021-04-13 18:51:25
2021-04-13 18:51:28,6899548.0,6900000.0,2021-04-13 18:51:28
2021-04-13 18:51:31,6899999.0,6900000.0,2021-04-13 18:51:31
2021-04-13 18:51:34,6899999.0,6900000.0,2021-04-13 18:51:34
2021-04-13 18:51:37,6899999.0,6900000.0,2021-04-13 18:51:37
2021-04-13 18:51:40,6899999.0,6900000.0,2021-04-13 18:51:40
2021-04-13 18:51:43,6902013.0,6902125.0,2021-04-13 18:51:43
2021-04-13 18:51:46,6902022.0,6902125.0,2021-04-13 18:51:46
2021-04-13 18:51:49,6902124.0,6902125.0,2021-04-13 18:51:49
2021-04-13 18:51:52,6902125.0,6902141.0,2021-04-13 18:51:52
2021-04-13 18:51:55,6902131.0,6902141.0,2021-04-13 18:51:55
2021-04-13 18:51:58,6903231.0,6903301.0,2021-04-13 18:51:58
2021-04-13 18:52:01,6903232.0,6903233.0,2021-04-13 18:52:01
2021-04-13 18:52:05,6903231.0,6903232.0,2021-04-13 18:52:04
2021-04-13 18:52:08,6902127.0,6902128.0,2021-04-13 18:52:08
2021-04-13 18:52:11,6902127.0,6902128.0,2021-04-13 18:52:11
2021-04-13 18:52:14,6902129.0,6902139.0,2021-04-13 18:52:14
2021-04-13 18:52:18,6902138.0,6902139.0,2021-04-13 18:52:18
2021-04-13 18:52:21,6902138.0,6902139.0,2021-04-13 18:52:21
2021-04-13 18:52:24,6902138.0,6902141.0,2021-04-13 18:52:24
2021-04-13 18:52:27,6902141.0,6902148.0,2021-04-13 18:52:27
2021-04-13 18:52:30,6902147.0,6902168.0,2021-04-13 18:52:30
2021-04-13 18:52:33,6902151.0,6902152.0,2021-04-13 18:52:33
2021-04-13 18:52:36,6902200.0,6904702.0,2021-04-13 18:52:36
2021-04-13 18:52:39,6904701.0,6904702.0,2021-04-13 18:52:39
2021-04-13 18:52:42,6904703.0,6905554.0,2021-04-13 18:52:42
2021-04-13 18:52:45,6904712.0,6906127.0,2021-04-13 18:52:45
2021-04-13 18:52:48,6904716.0,6904735.0,2021-04-13 18:52:48
2021-04-13 18:52:51,6904720.0,6904850.0,2021-04-13 18:52:51
2021-04-13 18:52:54,6904726.0,6906124.0,2021-04-13 18:52:54
2021-04-13 18:52:58,6904704.0,6904705.0,2021-04-13 18:52:58
2021-04-13 18:53:01,6904701.0,6904702.0,2021-04-13 18:53:01
2021-04-13 18:53:04,6904701.0,6904702.0,2021-04-13 18:53:04
2021-04-13 18:53:07,6902207.0,6902523.0,2021-04-13 18:53:07
2021-04-13 18:53:10,6902125.0,6902126.0,2021-04-13 18:53:10
2021-04-13 18:53:13,6902125.0,6902126.0,2021-04-13 18:53:13
2021-04-13 18:53:16,6902125.0,6902126.0,2021-04-13 18:53:16
2021-04-13 18:53:19,6900199.0,6901972.0,2021-04-13 18:53:19
2021-04-13 18:53:22,6900000.0,6900001.0,2021-04-13 18:53:22
2021-04-13 18:53:26,6898851.0,6899546.0,2021-04-13 18:53:25
2021-04-13 18:53:29,6897002.0,6897016.0,2021-04-13 18:53:29
2021-04-13 18:53:32,6897002.0,6897003.0,2021-04-13 18:53:32
2021-04-13 18:53:35,6895005.0,6895107.0,2021-04-13 18:53:35
2021-04-13 18:53:38,6895007.0,6895105.0,2021-04-13 18:53:38
2021-04-13 18:53:41,6895005.0,6895006.0,2021-04-13 18:53:41
2021-04-13 18:53:44,6894905.0,6894906.0,2021-04-13 18:53:44
2021-04-13 18:53:47,6894905.0,6895017.0,2021-04-13 18:53:47
2021-04-13 18:53:51,6895016.0,6895017.0,2021-04-13 18:53:51
2021-04-13 18:53:54,6895016.0,6895017.0,2021-04-13 18:53:54
2021-04-13 18:53:57,6895016.0,6895017.0,2021-04-13 18:53:57
2021-04-13 18:54:00,6895016.0,6895017.0,2021-04-13 18:54:00
2021-04-13 18:54:03,6895019.0,6895036.0,2021-04-13 18:54:03
2021-04-13 18:54:06,6895035.0,6895036.0,2021-04-13 18:54:06
2021-04-13 18:54:09,6897002.0,6897003.0,2021-04-13 18:54:09
2021-04-13 18:54:12,6897002.0,6897003.0,2021-04-13 18:54:12
2021-04-13 18:54:15,6899097.0,6899223.0,2021-04-13 18:54:15
2021-04-13 18:54:18,6899103.0,6899215.0,2021-04-13 18:54:18
2021-04-13 18:54:21,6899110.0,6899215.0,2021-04-13 18:54:21
2021-04-13 18:54:24,6899217.0,6899975.0,2021-04-13 18:54:24
2021-04-13 18:54:27,6899974.0,6899975.0,2021-04-13 18:54:27
2021-04-13 18:54:30,6899974.0,6899975.0,2021-04-13 18:54:30
2021-04-13 18:54:33,6899974.0,6899975.0,2021-04-13 18:54:33
2021-04-13 18:54:36,6900001.0,6900801.0,2021-04-13 18:54:36
2021-04-13 18:54:39,6899974.0,6899975.0,2021-04-13 18:54:39
2021-04-13 18:54:42,6902125.0,6902126.0,2021-04-13 18:54:42
2021-04-13 18:54:45,6902125.0,6902126.0,2021-04-13 18:54:45
2021-04-13 18:54:49,6903257.0,6904390.0,2021-04-13 18:54:48
2021-04-13 18:54:52,6903175.0,6903177.0,2021-04-13 18:54:52
2021-04-13 18:54:55,6903006.0,6903175.0,2021-04-13 18:54:55
2021-04-13 18:54:58,6900008.0,6900009.0,2021-04-13 18:54:58
2021-04-13 18:55:01,6900008.0,6900009.0,2021-04-13 18:55:01
2021-04-13 18:55:04,6900010.0,6902124.0,2021-04-13 18:55:04
2021-04-13 18:55:07,6900018.0,6900944.0,2021-04-13 18:55:07
2021-04-13 18:55:10,6900016.0,6902037.0,2021-04-13 18:55:10
2021-04-13 18:55:13,6900016.0,6900017.0,2021-04-13 18:55:13
2021-04-13 18:55:16,6900008.0,6900009.0,2021-04-13 18:55:16
2021-04-13 18:55:19,6900008.0,6900009.0,2021-04-13 18:55:19
2021-04-13 18:55:22,6900008.0,6900009.0,2021-04-13 18:55:22
2021-04-13 18:55:25,6900008.0,6900009.0,2021-04-13 18:55:25
2021-04-13 18:55:28,6900008.0,6900009.0,2021-04-13 18:55:28
2021-04-13 18:55:32,6899097.0,6899098.0,2021-04-13 18:55:31
2021-04-13 18:55:35,6899097.0,6899098.0,2021-04-13 18:55:35
2021-04-13 18:55:38,6898519.0,6898520.0,2021-04-13 18:55:38
2021-04-13 18:55:41,6895022.0,6895023.0,2021-04-13 18:55:41
2021-04-13 18:55:44,6895022.0,6895023.0,2021-04-13 18:55:44
2021-04-13 18:55:47,6889373.0,6889374.0,2021-04-13 18:55:47
2021-04-13 18:55:50,6884710.0,6885003.0,2021-04-13 18:55:50
2021-04-13 18:55:54,6883333.0,6883334.0,2021-04-13 18:55:53
2021-04-13 18:55:57,6883333.0,6883334.0,2021-04-13 18:55:57
2021-04-13 18:56:00,6883333.0,6883334.0,2021-04-13 18:56:00
2021-04-13 18:56:03,6884710.0,6888301.0,2021-04-13 18:56:03
2021-04-13 18:56:06,6884725.0,6888300.0,2021-04-13 18:56:06
2021-04-13 18:56:09,6890006.0,6890320.0,2021-04-13 18:56:09
2021-04-13 18:56:12,6890012.0,6890320.0,2021-04-13 18:56:12
2021-04-13 18:56:15,6890019.0,6890020.0,2021-04-13 18:56:15
2021-04-13 18:56:18,6890019.0,6890020.0,2021-04-13 18:56:18
2021-04-13 18:56:22,6890019.0,6890020.0,2021-04-13 18:56:21
2021-04-13 18:56:25,6890019.0,6890020.0,2021-04-13 18:56:25
2021-04-13 18:56:28,6890019.0,6890020.0,2021-04-13 18:56:28
2021-04-13 18:56:31,6890006.0,6890020.0,2021-04-13 18:56:31
2021-04-13 18:56:34,6890006.0,6890008.0,2021-04-13 18:56:34
2021-04-13 18:56:37,6889000.0,6889753.0,2021-04-13 18:56:37
2021-04-13 18:56:40,6889000.0,6889001.0,2021-04-13 18:56:40
2021-04-13 18:56:43,6886309.0,6886310.0,2021-04-13 18:56:43
2021-04-13 18:56:47,6886309.0,6886310.0,2021-04-13 18:56:46
2021-04-13 18:56:50,6885000.0,6885001.0,2021-04-13 18:56:50
2021-04-13 18:56:53,6885000.0,6885001.0,2021-04-13 18:56:53
2021-04-13 18:56:56,6885000.0,6885001.0,2021-04-13 18:56:56
2021-04-13 18:56:59,6885000.0,6885001.0,2021-04-13 18:56:59
2021-04-13 18:57:03,6885000.0,6885001.0,2021-04-13 18:57:03
2021-04-13 18:57:06,6885001.0,6886309.0,2021-04-13 18:57:06
2021-04-13 18:57:09,6885001.0,6885002.0,2021-04-13 18:57:09
2021-04-13 18:57:12,6885001.0,6885002.0,2021-04-13 18:57:12
2021-04-13 18:57:15,6885001.0,6885002.0,2021-04-13 18:57:15
2021-04-13 18:57:18,6886309.0,6886310.0,2021-04-13 18:57:18
2021-04-13 18:57:21,6885004.0,6885005.0,2021-04-13 18:57:21
2021-04-13 18:57:24,6885004.0,6885005.0,2021-04-13 18:57:24
2021-04-13 18:57:27,6885009.0,6886083.0,2021-04-13 18:57:27
2021-04-13 18:57:30,6885018.0,6888888.0,2021-04-13 18:57:30
2021-04-13 18:57:34,6885024.0,6885025.0,2021-04-13 18:57:34
2021-04-13 18:57:37,6885024.0,6885025.0,2021-04-13 18:57:37
2021-04-13 18:57:40,6885021.0,6885022.0,2021-04-13 18:57:40
2021-04-13 18:57:43,6885007.0,6885010.0,2021-04-13 18:57:43
2021-04-13 18:57:46,6885000.0,6885001.0,2021-04-13 18:57:46
2021-04-13 18:57:49,6880001.0,6880545.0,2021-04-13 18:57:49
2021-04-13 18:57:52,6880000.0,6880001.0,2021-04-13 18:57:52
2021-04-13 18:57:55,6877968.0,6879046.0,2021-04-13 18:57:55
2021-04-13 18:57:58,6875006.0,6875007.0,2021-04-13 18:57:58
2021-04-13 18:58:02,6875006.0,6875007.0,2021-04-13 18:58:02
2021-04-13 18:58:05,6875397.0,6877967.0,2021-04-13 18:58:05
2021-04-13 18:58:08,6875405.0,6877968.0,2021-04-13 18:58:08
2021-04-13 18:58:11,6877967.0,6877968.0,2021-04-13 18:58:11
2021-04-13 18:58:14,6877967.0,6877968.0,2021-04-13 18:58:14
2021-04-13 18:58:17,6878145.0,6880000.0,2021-04-13 18:58:17
2021-04-13 18:58:21,6880715.0,6882575.0,2021-04-13 18:58:21
2021-04-13 18:58:24,6880727.0,6880915.0,2021-04-13 18:58:24
2021-04-13 18:58:27,6881042.0,6882575.0,2021-04-13 18:58:27
2021-04-13 18:58:30,6881051.0,6882575.0,2021-04-13 18:58:30
2021-04-13 18:58:33,6882574.0,6882575.0,2021-04-13 18:58:33
2021-04-13 18:58:36,6882574.0,6882575.0,2021-04-13 18:58:36
2021-04-13 18:58:39,6882574.0,6882575.0,2021-04-13 18:58:39
2021-04-13 18:58:43,6882574.0,6882575.0,2021-04-13 18:58:43
2021-04-13 18:58:46,6882574.0,6882575.0,2021-04-13 18:58:46
2021-04-13 18:58:49,6882574.0,6882575.0,2021-04-13 18:58:49
2021-04-13 18:58:52,6882574.0,6882575.0,2021-04-13 18:58:52
2021-04-13 18:58:55,6882574.0,6882575.0,2021-04-13 18:58:55
2021-04-13 18:58:58,6882574.0,6883410.0,2021-04-13 18:58:58
2021-04-13 18:59:01,6883410.0,6884745.0,2021-04-13 18:59:01
2021-04-13 18:59:04,6883412.0,6883413.0,2021-04-13 18:59:04
2021-04-13 18:59:07,6883419.0,6883675.0,2021-04-13 18:59:07
2021-04-13 18:59:10,6883419.0,6883420.0,2021-04-13 18:59:10
2021-04-13 18:59:14,6883419.0,6883420.0,2021-04-13 18:59:13
2021-04-13 18:59:17,6883419.0,6883420.0,2021-04-13 18:59:17
2021-04-13 18:59:20,6883419.0,6883420.0,2021-04-13 18:59:20
2021-04-13 18:59:23,6883419.0,6883420.0,2021-04-13 18:59:23
2021-04-13 18:59:26,6883419.0,6883420.0,2021-04-13 18:59:26
2021-04-13 18:59:29,6883419.0,6883420.0,2021-04-13 18:59:29
2021-04-13 18:59:32,6883419.0,6883420.0,2021-04-13 18:59:32
2021-04-13 18:59:35,6883419.0,6884995.0,2021-04-13 18:59:35
2021-04-13 18:59:38,6883419.0,6883420.0,2021-04-13 18:59:38
2021-04-13 18:59:41,6883419.0,6883420.0,2021-04-13 18:59:41
2021-04-13 18:59:44,6883419.0,6883420.0,2021-04-13 18:59:44
2021-04-13 18:59:47,6883459.0,6884999.0,2021-04-13 18:59:47
2021-04-13 18:59:50,6883467.0,6884810.0,2021-04-13 18:59:50
2021-04-13 18:59:53,6883474.0,6884748.0,2021-04-13 18:59:53
2021-04-13 18:59:56,6883500.0,6883944.0,2021-04-13 18:59:56
2021-04-13 18:59:59,6883503.0,6883504.0,2021-04-13 18:59:59
2021-04-13 19:00:02,6883499.0,6883504.0,2021-04-13 19:00:02
2021-04-13 19:00:05,6883505.0,6883944.0,2021-04-13 19:00:05
2021-04-13 19:00:09,6883509.0,6883944.0,2021-04-13 19:00:08
2021-04-13 19:00:12,6883521.0,6883944.0,2021-04-13 19:00:12
2021-04-13 19:00:15,6883943.0,6883944.0,2021-04-13 19:00:15
2021-04-13 19:00:18,6886885.0,6887508.0,2021-04-13 19:00:18
2021-04-13 19:00:21,6887929.0,6888362.0,2021-04-13 19:00:21
2021-04-13 19:00:24,6887936.0,6889078.0,2021-04-13 19:00:24
2021-04-13 19:00:27,6887938.0,6889078.0,2021-04-13 19:00:27
2021-04-13 19:00:30,6888678.0,6888680.0,2021-04-13 19:00:30
2021-04-13 19:00:34,6888680.0,6888681.0,2021-04-13 19:00:33
2021-04-13 19:00:37,6888680.0,6888681.0,2021-04-13 19:00:37
2021-04-13 19:00:40,6888680.0,6888681.0,2021-04-13 19:00:40
2021-04-13 19:00:43,6888680.0,6888681.0,2021-04-13 19:00:43
2021-04-13 19:00:46,6888680.0,6888681.0,2021-04-13 19:00:46
2021-04-13 19:00:49,6888680.0,6888681.0,2021-04-13 19:00:49
2021-04-13 19:00:52,6888680.0,6888681.0,2021-04-13 19:00:52
2021-04-13 19:00:55,6888680.0,6888681.0,2021-04-13 19:00:55
2021-04-13 19:00:58,6888680.0,6888681.0,2021-04-13 19:00:58
2021-04-13 19:01:01,6888680.0,6888681.0,2021-04-13 19:01:01
2021-04-13 19:01:04,6888680.0,6888681.0,2021-04-13 19:01:04
2021-04-13 19:01:08,6888680.0,6888681.0,2021-04-13 19:01:07
2021-04-13 19:01:11,6888680.0,6888681.0,2021-04-13 19:01:11
2021-04-13 19:01:14,6888680.0,6888681.0,2021-04-13 19:01:14
2021-04-13 19:01:17,6888680.0,6888681.0,2021-04-13 19:01:17
2021-04-13 19:01:20,6888688.0,6890000.0,2021-04-13 19:01:20
2021-04-13 19:01:23,6888698.0,6889548.0,2021-04-13 19:01:23
2021-04-13 19:01:26,6888704.0,6889547.0,2021-04-13 19:01:26
2021-04-13 19:01:29,6888710.0,6889548.0,2021-04-13 19:01:29
2021-04-13 19:01:32,6888718.0,6889548.0,2021-04-13 19:01:32
2021-04-13 19:01:35,6888724.0,6889548.0,2021-04-13 19:01:35
2021-04-13 19:01:38,6888732.0,6889548.0,2021-04-13 19:01:38
2021-04-13 19:01:41,6889547.0,6889548.0,2021-04-13 19:01:41
2021-04-13 19:01:44,6889547.0,6889548.0,2021-04-13 19:01:44
2021-04-13 19:01:47,6889547.0,6889548.0,2021-04-13 19:01:47
2021-04-13 19:01:50,6889999.0,6890000.0,2021-04-13 19:01:50
2021-04-13 19:01:54,6889999.0,6890000.0,2021-04-13 19:01:54
2021-04-13 19:01:57,6890442.0,6890717.0,2021-04-13 19:01:57
2021-04-13 19:02:00,6892201.0,6892505.0,2021-04-13 19:02:00
2021-04-13 19:02:03,6892504.0,6892505.0,2021-04-13 19:02:03
2021-04-13 19:02:06,6892504.0,6892505.0,2021-04-13 19:02:06
2021-04-13 19:02:09,6892642.0,6893301.0,2021-04-13 19:02:09
2021-04-13 19:02:12,6892648.0,6893301.0,2021-04-13 19:02:12
2021-04-13 19:02:15,6892657.0,6893301.0,2021-04-13 19:02:15
2021-04-13 19:02:18,6893304.0,6893305.0,2021-04-13 19:02:18
2021-04-13 19:02:21,6893304.0,6893305.0,2021-04-13 19:02:21
2021-04-13 19:02:24,6893304.0,6893305.0,2021-04-13 19:02:24
2021-04-13 19:02:27,6893304.0,6893305.0,2021-04-13 19:02:27
2021-04-13 19:02:31,6893304.0,6893305.0,2021-04-13 19:02:31
2021-04-13 19:02:34,6893304.0,6893305.0,2021-04-13 19:02:34
2021-04-13 19:02:37,6893305.0,6893306.0,2021-04-13 19:02:37
2021-04-13 19:02:40,6893305.0,6893306.0,2021-04-13 19:02:40
2021-04-13 19:02:43,6893305.0,6893306.0,2021-04-13 19:02:43
2021-04-13 19:02:46,6893305.0,6893306.0,2021-04-13 19:02:46
2021-04-13 19:02:49,6893305.0,6893306.0,2021-04-13 19:02:49
2021-04-13 19:02:52,6893305.0,6893306.0,2021-04-13 19:02:52
2021-04-13 19:02:55,6893305.0,6893306.0,2021-04-13 19:02:55
2021-04-13 19:02:58,6893305.0,6893306.0,2021-04-13 19:02:58
2021-04-13 19:03:01,6893305.0,6893306.0,2021-04-13 19:03:01
2021-04-13 19:03:05,6893305.0,6893306.0,2021-04-13 19:03:04
2021-04-13 19:03:08,6893305.0,6893306.0,2021-04-13 19:03:08
2021-04-13 19:03:11,6893305.0,6893306.0,2021-04-13 19:03:11
2021-04-13 19:03:14,6893305.0,6893306.0,2021-04-13 19:03:14
2021-04-13 19:03:17,6893305.0,6893306.0,2021-04-13 19:03:17
2021-04-13 19:03:20,6893413.0,6894655.0,2021-04-13 19:03:20
2021-04-13 19:03:23,6893419.0,6895504.0,2021-04-13 19:03:23
2021-04-13 19:03:26,6893427.0,6895506.0,2021-04-13 19:03:26
2021-04-13 19:03:29,6894235.0,6895506.0,2021-04-13 19:03:29
2021-04-13 19:03:32,6895505.0,6895506.0,2021-04-13 19:03:32
2021-04-13 19:03:36,6895505.0,6895506.0,2021-04-13 19:03:36
2021-04-13 19:03:39,6895509.0,6896000.0,2021-04-13 19:03:39
2021-04-13 19:03:42,6895999.0,6896000.0,2021-04-13 19:03:42
2021-04-13 19:03:45,6895999.0,6896000.0,2021-04-13 19:03:45
2021-04-13 19:03:48,6895999.0,6896000.0,2021-04-13 19:03:48
2021-04-13 19:03:51,6895999.0,6896000.0,2021-04-13 19:03:51
2021-04-13 19:03:54,6895999.0,6896000.0,2021-04-13 19:03:54
2021-04-13 19:03:57,6895999.0,6896000.0,2021-04-13 19:03:57
2021-04-13 19:04:00,6895999.0,6896000.0,2021-04-13 19:04:00
2021-04-13 19:04:03,6895999.0,6896000.0,2021-04-13 19:04:03
2021-04-13 19:04:07,6895999.0,6896000.0,2021-04-13 19:04:06
2021-04-13 19:04:10,6895999.0,6896000.0,2021-04-13 19:04:10
2021-04-13 19:04:13,6895999.0,6896000.0,2021-04-13 19:04:13
2021-04-13 19:04:16,6895999.0,6896000.0,2021-04-13 19:04:16
2021-04-13 19:04:19,6895999.0,6896000.0,2021-04-13 19:04:19
2021-04-13 19:04:22,6895999.0,6896000.0,2021-04-13 19:04:22
2021-04-13 19:04:25,6895999.0,6896000.0,2021-04-13 19:04:25
2021-04-13 19:04:28,6895999.0,6896000.0,2021-04-13 19:04:28
2021-04-13 19:04:31,6895999.0,6896000.0,2021-04-13 19:04:31
2021-04-13 19:04:34,6895999.0,6896000.0,2021-04-13 19:04:34
2021-04-13 19:04:37,6895999.0,6896000.0,2021-04-13 19:04:37
2021-04-13 19:04:40,6895999.0,6896000.0,2021-04-13 19:04:40
2021-04-13 19:04:43,6895999.0,6896000.0,2021-04-13 19:04:43
2021-04-13 19:04:46,6895999.0,6896000.0,2021-04-13 19:04:46
2021-04-13 19:04:49,6895999.0,6896000.0,2021-04-13 19:04:49
2021-04-13 19:04:52,6896001.0,6896009.0,2021-04-13 19:04:52
2021-04-13 19:04:56,6896000.0,6896001.0,2021-04-13 19:04:56
2021-04-13 19:04:59,6896000.0,6896001.0,2021-04-13 19:04:59
2021-04-13 19:05:02,6895999.0,6896001.0,2021-04-13 19:05:02
2021-04-13 19:05:05,6895999.0,6896000.0,2021-04-13 19:05:05
2021-04-13 19:05:08,6895999.0,6896000.0,2021-04-13 19:05:08
2021-04-13 19:05:11,6895999.0,6896000.0,2021-04-13 19:05:11
2021-04-13 19:05:14,6895999.0,6896000.0,2021-04-13 19:05:14
2021-04-13 19:05:17,6895999.0,6896000.0,2021-04-13 19:05:17
2021-04-13 19:05:20,6895999.0,6896999.0,2021-04-13 19:05:20
2021-04-13 19:05:23,6896006.0,6897570.0,2021-04-13 19:05:23
2021-04-13 19:05:26,6896017.0,6897239.0,2021-04-13 19:05:26
2021-04-13 19:05:29,6896024.0,6897569.0,2021-04-13 19:05:29
2021-04-13 19:05:32,6896014.0,6899601.0,2021-04-13 19:05:32
2021-04-13 19:05:35,6896024.0,6896025.0,2021-04-13 19:05:35
2021-04-13 19:05:38,6896024.0,6896025.0,2021-04-13 19:05:38
2021-04-13 19:05:41,6896024.0,6896025.0,2021-04-13 19:05:41
2021-04-13 19:05:45,6897460.0,6897975.0,2021-04-13 19:05:44
2021-04-13 19:05:48,6897468.0,6897975.0,2021-04-13 19:05:48
2021-04-13 19:05:51,6897477.0,6897975.0,2021-04-13 19:05:51
2021-04-13 19:05:54,6897483.0,6897484.0,2021-04-13 19:05:54
2021-04-13 19:05:57,6900001.0,6900003.0,2021-04-13 19:05:57
2021-04-13 19:06:00,6900000.0,6900002.0,2021-04-13 19:06:00
2021-04-13 19:06:03,6900000.0,6900001.0,2021-04-13 19:06:03
2021-04-13 19:06:06,6900002.0,6900104.0,2021-04-13 19:06:06
2021-04-13 19:06:09,6900002.0,6900003.0,2021-04-13 19:06:09
2021-04-13 19:06:13,6900002.0,6900003.0,2021-04-13 19:06:12
2021-04-13 19:06:16,6900002.0,6900003.0,2021-04-13 19:06:16
2021-04-13 19:06:19,6897494.0,6899971.0,2021-04-13 19:06:19
2021-04-13 19:06:22,6897482.0,6897483.0,2021-04-13 19:06:22
2021-04-13 19:06:25,6897462.0,6897463.0,2021-04-13 19:06:25
2021-04-13 19:06:28,6895999.0,6896000.0,2021-04-13 19:06:28
2021-04-13 19:06:31,6895505.0,6895508.0,2021-04-13 19:06:31
2021-04-13 19:06:34,6893305.0,6893542.0,2021-04-13 19:06:34
2021-04-13 19:06:37,6893305.0,6893306.0,2021-04-13 19:06:37
2021-04-13 19:06:40,6893305.0,6893306.0,2021-04-13 19:06:40
2021-04-13 19:06:43,6890000.0,6890001.0,2021-04-13 19:06:43
2021-04-13 19:06:46,6890000.0,6890001.0,2021-04-13 19:06:46
2021-04-13 19:06:49,6890000.0,6890001.0,2021-04-13 19:06:49
2021-04-13 19:06:52,6890000.0,6890001.0,2021-04-13 19:06:52
2021-04-13 19:06:55,6890000.0,6890001.0,2021-04-13 19:06:55
2021-04-13 19:06:58,6890000.0,6890001.0,2021-04-13 19:06:58
2021-04-13 19:07:01,6890000.0,6890001.0,2021-04-13 19:07:01
2021-04-13 19:07:04,6890000.0,6890001.0,2021-04-13 19:07:04
2021-04-13 19:07:08,6890000.0,6890001.0,2021-04-13 19:07:08
2021-04-13 19:07:11,6890000.0,6890001.0,2021-04-13 19:07:11
2021-04-13 19:07:14,6890000.0,6890001.0,2021-04-13 19:07:14
2021-04-13 19:07:17,6890000.0,6890001.0,2021-04-13 19:07:17
2021-04-13 19:07:20,6890000.0,6890001.0,2021-04-13 19:07:20
2021-04-13 19:07:23,6890000.0,6890001.0,2021-04-13 19:07:23
2021-04-13 19:07:26,6890000.0,6890001.0,2021-04-13 19:07:26
2021-04-13 19:07:29,6890000.0,6890001.0,2021-04-13 19:07:29
2021-04-13 19:07:32,6890000.0,6890001.0,2021-04-13 19:07:32
2021-04-13 19:07:35,6890000.0,6890001.0,2021-04-13 19:07:35
2021-04-13 19:07:38,6890000.0,6890001.0,2021-04-13 19:07:38
2021-04-13 19:07:41,6890000.0,6890001.0,2021-04-13 19:07:41
2021-04-13 19:07:44,6890000.0,6890001.0,2021-04-13 19:07:44
2021-04-13 19:07:47,6890828.0,6890829.0,2021-04-13 19:07:47
2021-04-13 19:07:50,6890000.0,6890784.0,2021-04-13 19:07:50
2021-04-13 19:07:53,6890000.0,6890001.0,2021-04-13 19:07:53
2021-04-13 19:07:56,6890000.0,6890001.0,2021-04-13 19:07:56
2021-04-13 19:07:59,6890000.0,6890001.0,2021-04-13 19:07:59
2021-04-13 19:08:03,6890000.0,6890001.0,2021-04-13 19:08:02
2021-04-13 19:08:06,6890000.0,6890001.0,2021-04-13 19:08:06
2021-04-13 19:08:09,6890000.0,6890001.0,2021-04-13 19:08:09
2021-04-13 19:08:12,6890000.0,6890001.0,2021-04-13 19:08:12
2021-04-13 19:08:15,6890000.0,6890001.0,2021-04-13 19:08:15
2021-04-13 19:08:18,6890000.0,6890001.0,2021-04-13 19:08:18
2021-04-13 19:08:21,6890000.0,6890001.0,2021-04-13 19:08:21
2021-04-13 19:08:24,6890000.0,6890001.0,2021-04-13 19:08:24
2021-04-13 19:08:27,6890000.0,6890001.0,2021-04-13 19:08:27
2021-04-13 19:08:30,6890000.0,6890001.0,2021-04-13 19:08:30
2021-04-13 19:08:33,6890000.0,6890001.0,2021-04-13 19:08:33
2021-04-13 19:08:36,6890000.0,6890001.0,2021-04-13 19:08:36
2021-04-13 19:08:39,6890000.0,6890001.0,2021-04-13 19:08:39
2021-04-13 19:08:42,6888888.0,6888891.0,2021-04-13 19:08:42
2021-04-13 19:08:45,6888888.0,6888889.0,2021-04-13 19:08:45
2021-04-13 19:08:48,6885565.0,6888748.0,2021-04-13 19:08:48
2021-04-13 19:08:52,6885004.0,6885005.0,2021-04-13 19:08:51
2021-04-13 19:08:55,6885003.0,6885004.0,2021-04-13 19:08:55
2021-04-13 19:08:58,6885003.0,6885004.0,2021-04-13 19:08:58
2021-04-13 19:09:01,6885003.0,6885004.0,2021-04-13 19:09:01
2021-04-13 19:09:04,6885003.0,6885004.0,2021-04-13 19:09:04
2021-04-13 19:09:07,6885003.0,6885004.0,2021-04-13 19:09:07
