timestamp,bid,ask,tick_timestamp
2021-04-13 17:43:35,6849725.0,6852433.0,2021-04-13 17:43:35
2021-04-13 17:43:38,6842252.0,6846272.0,2021-04-13 17:43:38
2021-04-13 17:43:41,6842260.0,6844866.0,2021-04-13 17:43:41
2021-04-13 17:43:44,6839113.0,6842484.0,2021-04-13 17:43:44
2021-04-13 17:43:47,6837501.0,6838834.0,2021-04-13 17:43:47
2021-04-13 17:43:50,6837390.0,6839960.0,2021-04-13 17:43:50
2021-04-13 17:43:53,6845994.0,6848038.0,2021-04-13 17:43:53
2021-04-13 17:43:57,6850018.0,6851249.0,2021-04-13 17:43:56
2021-04-13 17:44:00,6845138.0,6847007.0,2021-04-13 17:44:00
2021-04-13 17:44:03,6843046.0,6845904.0,2021-04-13 17:44:03
2021-04-13 17:44:06,6840943.0,6843667.0,2021-04-13 17:44:06
2021-04-13 17:44:09,6839703.0,6842370.0,2021-04-13 17:44:09
2021-04-13 17:44:12,6844991.0,6847100.0,2021-04-13 17:44:12
2021-04-13 17:44:15,6843950.0,6846044.0,2021-04-13 17:44:15
2021-04-13 17:44:18,6842501.0,6846098.0,2021-04-13 17:44:18
2021-04-13 17:44:21,6845160.0,6847994.0,2021-04-13 17:44:21
2021-04-13 17:44:24,6841458.0,6846187.0,2021-04-13 17:44:24
2021-04-13 17:44:27,6844018.0,6847287.0,2021-04-13 17:44:27
2021-04-13 17:44:30,6845111.0,6847259.0,2021-04-13 17:44:30
2021-04-13 17:44:33,6843430.0,6845706.0,2021-04-13 17:44:33
2021-04-13 17:44:36,6845707.0,6847499.0,2021-04-13 17:44:36
2021-04-13 17:44:39,6844063.0,6846139.0,2021-04-13 17:44:39
2021-04-13 17:44:43,6846599.0,6848367.0,2021-04-13 17:44:42
2021-04-13 17:44:46,6846782.0,6848218.0,2021-04-13 17:44:46
2021-04-13 17:44:49,6844336.0,6849134.0,2021-04-13 17:44:49
2021-04-13 17:44:52,6846698.0,6848529.0,2021-04-13 17:44:52
2021-04-13 17:44:55,6845158.0,6848829.0,2021-04-13 17:44:55
2021-04-13 17:44:58,6847501.0,6849349.0,2021-04-13 17:44:58
2021-04-13 17:45:01,6847552.0,6849005.0,2021-04-13 17:45:01
2021-04-13 17:45:04,6847684.0,6849329.0,2021-04-13 17:45:04
2021-04-13 17:45:07,6848710.0,6852046.0,2021-04-13 17:45:07
2021-04-13 17:45:10,6849195.0,6852067.0,2021-04-13 17:45:10
2021-04-13 17:45:14,6850105.0,6852431.0,2021-04-13 17:45:14
2021-04-13 17:45:17,6852431.0,6853120.0,2021-04-13 17:45:17
2021-04-13 17:45:20,6846714.0,6849550.0,2021-04-13 17:45:20
2021-04-13 17:45:23,6846216.0,6850085.0,2021-04-13 17:45:23
2021-04-13 17:45:26,6843764.0,6847500.0,2021-04-13 17:45:26
2021-04-13 17:45:29,6840578.0,6842883.0,2021-04-13 17:45:29
2021-04-13 17:45:33,6843128.0,6845467.0,2021-04-13 17:45:33
2021-04-13 17:45:36,6843130.0,6845000.0,2021-04-13 17:45:36
2021-04-13 17:45:39,6843130.0,6844829.0,2021-04-13 17:45:39
2021-04-13 17:45:42,6840288.0,6842499.0,2021-04-13 17:45:42
2021-04-13 17:45:45,6840001.0,6842299.0,2021-04-13 17:45:45
2021-04-13 17:45:48,6841260.0,6844551.0,2021-04-13 17:45:48
2021-04-13 17:45:51,6840001.0,6843826.0,2021-04-13 17:45:51
2021-04-13 17:45:54,6840383.0,6843816.0,2021-04-13 17:45:54
2021-04-13 17:45:57,6840131.0,6842088.0,2021-04-13 17:45:57
2021-04-13 17:46:00,6840131.0,6841058.0,2021-04-13 17:46:00
2021-04-13 17:46:03,6840131.0,6841996.0,2021-04-13 17:46:03
2021-04-13 17:46:06,6840131.0,6840419.0,2021-04-13 17:46:06
2021-04-13 17:46:10,6836638.0,6840248.0,2021-04-13 17:46:09
2021-04-13 17:46:13,6836642.0,6840337.0,2021-04-13 17:46:13
2021-04-13 17:46:16,6837630.0,6838506.0,2021-04-13 17:46:16
2021-04-13 17:46:19,6835192.0,6838040.0,2021-04-13 17:46:19
2021-04-13 17:46:22,6835305.0,6837221.0,2021-04-13 17:46:22
2021-04-13 17:46:25,6833235.0,6836125.0,2021-04-13 17:46:25
2021-04-13 17:46:28,6833235.0,6833812.0,2021-04-13 17:46:28
2021-04-13 17:46:31,6832603.0,6833507.0,2021-04-13 17:46:31
2021-04-13 17:46:34,6836264.0,6837265.0,2021-04-13 17:46:34
2021-04-13 17:46:38,6830483.0,6833808.0,2021-04-13 17:46:37
2021-04-13 17:46:41,6829264.0,6830064.0,2021-04-13 17:46:41
2021-04-13 17:46:44,6828019.0,6830054.0,2021-04-13 17:46:44
2021-04-13 17:46:47,6826804.0,6829154.0,2021-04-13 17:46:47
2021-04-13 17:46:50,6825673.0,6826747.0,2021-04-13 17:46:50
2021-04-13 17:46:53,6826798.0,6828749.0,2021-04-13 17:46:53
2021-04-13 17:46:56,6827428.0,6829720.0,2021-04-13 17:46:56
2021-04-13 17:46:59,6825467.0,6827499.0,2021-04-13 17:46:59
2021-04-13 17:47:03,6825010.0,6825164.0,2021-04-13 17:47:02
2021-04-13 17:47:06,6821591.0,6823123.0,2021-04-13 17:47:06
2021-04-13 17:47:09,6821628.0,6824476.0,2021-04-13 17:47:09
2021-04-13 17:47:12,6820962.0,6824195.0,2021-04-13 17:47:12
2021-04-13 17:47:15,6822905.0,6823749.0,2021-04-13 17:47:15
2021-04-13 17:47:18,6826100.0,6828014.0,2021-04-13 17:47:18
2021-04-13 17:47:21,6828474.0,6829999.0,2021-04-13 17:47:21
2021-04-13 17:47:24,6831553.0,6832447.0,2021-04-13 17:47:24
2021-04-13 17:47:27,6831459.0,6832499.0,2021-04-13 17:47:27
2021-04-13 17:47:31,6828644.0,6830894.0,2021-04-13 17:47:31
2021-04-13 17:47:34,6822996.0,6824652.0,2021-04-13 17:47:34
2021-04-13 17:47:37,6822708.0,6826053.0,2021-04-13 17:47:37
2021-04-13 17:47:40,6823075.0,6825753.0,2021-04-13 17:47:40
2021-04-13 17:47:43,6825871.0,6828053.0,2021-04-13 17:47:43
2021-04-13 17:47:46,6828091.0,6828100.0,2021-04-13 17:47:46
2021-04-13 17:47:49,6822531.0,6825539.0,2021-04-13 17:47:49
2021-04-13 17:47:52,6823191.0,6826249.0,2021-04-13 17:47:52
2021-04-13 17:47:55,6823367.0,6823566.0,2021-04-13 17:47:55
2021-04-13 17:47:59,6821501.0,6823749.0,2021-04-13 17:47:58
2021-04-13 17:48:02,6821607.0,6824810.0,2021-04-13 17:48:02
2021-04-13 17:48:05,6829029.0,6832188.0,2021-04-13 17:48:05
2021-04-13 17:48:08,6829707.0,6832188.0,2021-04-13 17:48:08
2021-04-13 17:48:11,6834641.0,6835530.0,2021-04-13 17:48:11
2021-04-13 17:48:14,6831377.0,6833750.0,2021-04-13 17:48:14
2021-04-13 17:48:17,6833783.0,6834545.0,2021-04-13 17:48:17
2021-04-13 17:48:21,6830975.0,6834629.0,2021-04-13 17:48:20
2021-04-13 17:48:24,6832069.0,6835262.0,2021-04-13 17:48:24
2021-04-13 17:48:27,6831251.0,6833487.0,2021-04-13 17:48:27
2021-04-13 17:48:30,6833487.0,6835546.0,2021-04-13 17:48:30
2021-04-13 17:48:33,6837570.0,6838749.0,2021-04-13 17:48:33
2021-04-13 17:48:36,6835351.0,6835482.0,2021-04-13 17:48:36
2021-04-13 17:48:39,6834179.0,6837626.0,2021-04-13 17:48:39
2021-04-13 17:48:42,6837601.0,6838748.0,2021-04-13 17:48:42
2021-04-13 17:48:45,6834672.0,6837922.0,2021-04-13 17:48:45
2021-04-13 17:48:48,6838028.0,6838592.0,2021-04-13 17:48:48
2021-04-13 17:48:51,6836251.0,6839997.0,2021-04-13 17:48:51
2021-04-13 17:48:54,6837494.0,6837520.0,2021-04-13 17:48:54
2021-04-13 17:48:57,6835247.0,6836369.0,2021-04-13 17:48:57
2021-04-13 17:49:00,6832503.0,6833479.0,2021-04-13 17:49:00
2021-04-13 17:49:03,6835359.0,6836899.0,2021-04-13 17:49:03
2021-04-13 17:49:06,6838958.0,6841097.0,2021-04-13 17:49:06
2021-04-13 17:49:10,6839511.0,6841249.0,2021-04-13 17:49:09
2021-04-13 17:49:13,6839525.0,6840903.0,2021-04-13 17:49:13
2021-04-13 17:49:16,6837074.0,6838902.0,2021-04-13 17:49:16
2021-04-13 17:49:19,6837287.0,6839106.0,2021-04-13 17:49:19
2021-04-13 17:49:22,6837830.0,6839233.0,2021-04-13 17:49:22
2021-04-13 17:49:25,6836355.0,6837074.0,2021-04-13 17:49:25
2021-04-13 17:49:28,6836251.0,6838526.0,2021-04-13 17:49:28
2021-04-13 17:49:31,6834455.0,6837046.0,2021-04-13 17:49:31
2021-04-13 17:49:34,6833365.0,6837004.0,2021-04-13 17:49:34
2021-04-13 17:49:38,6833367.0,6837095.0,2021-04-13 17:49:37
2021-04-13 17:49:41,6834132.0,6834999.0,2021-04-13 17:49:41
2021-04-13 17:49:44,6833156.0,6836421.0,2021-04-13 17:49:44
2021-04-13 17:49:47,6833444.0,6835999.0,2021-04-13 17:49:47
2021-04-13 17:49:50,6837393.0,6838734.0,2021-04-13 17:49:50
2021-04-13 17:49:53,6836251.0,6838652.0,2021-04-13 17:49:53
2021-04-13 17:49:56,6836251.0,6838749.0,2021-04-13 17:49:56
2021-04-13 17:49:59,6837924.0,6841181.0,2021-04-13 17:49:59
2021-04-13 17:50:02,6837151.0,6840766.0,2021-04-13 17:50:02
2021-04-13 17:50:05,6840001.0,6841421.0,2021-04-13 17:50:05
2021-04-13 17:50:08,6841251.0,6843485.0,2021-04-13 17:50:08
2021-04-13 17:50:12,6841668.0,6844999.0,2021-04-13 17:50:11
2021-04-13 17:50:15,6841615.0,6844095.0,2021-04-13 17:50:15
2021-04-13 17:50:18,6842362.0,6844868.0,2021-04-13 17:50:18
2021-04-13 17:50:21,6842481.0,6843622.0,2021-04-13 17:50:21
2021-04-13 17:50:24,6843250.0,6845864.0,2021-04-13 17:50:24
2021-04-13 17:50:27,6843635.0,6845864.0,2021-04-13 17:50:27
2021-04-13 17:50:30,6843642.0,6845790.0,2021-04-13 17:50:30
2021-04-13 17:50:33,6844521.0,6845805.0,2021-04-13 17:50:33
2021-04-13 17:50:36,6842485.0,6843304.0,2021-04-13 17:50:36
2021-04-13 17:50:39,6840001.0,6840337.0,2021-04-13 17:50:39
2021-04-13 17:50:42,6838560.0,6841485.0,2021-04-13 17:50:42
2021-04-13 17:50:45,6837533.0,6841477.0,2021-04-13 17:50:45
2021-04-13 17:50:48,6837546.0,6841467.0,2021-04-13 17:50:48
2021-04-13 17:50:51,6838466.0,6839999.0,2021-04-13 17:50:51
2021-04-13 17:50:54,6838796.0,6839999.0,2021-04-13 17:50:54
2021-04-13 17:50:57,6841130.0,6842183.0,2021-04-13 17:50:57
2021-04-13 17:51:01,6840452.0,6842499.0,2021-04-13 17:51:00
2021-04-13 17:51:04,6842075.0,6844713.0,2021-04-13 17:51:04
2021-04-13 17:51:07,6842101.0,6844999.0,2021-04-13 17:51:07
2021-04-13 17:51:10,6842578.0,6844999.0,2021-04-13 17:51:10
2021-04-13 17:51:13,6842609.0,6844207.0,2021-04-13 17:51:13
2021-04-13 17:51:16,6842794.0,6844207.0,2021-04-13 17:51:16
2021-04-13 17:51:19,6846586.0,6846700.0,2021-04-13 17:51:19
2021-04-13 17:51:22,6844544.0,6846700.0,2021-04-13 17:51:22
2021-04-13 17:51:25,6845694.0,6847499.0,2021-04-13 17:51:25
2021-04-13 17:51:29,6848018.0,6850270.0,2021-04-13 17:51:28
2021-04-13 17:51:32,6848602.0,6850260.0,2021-04-13 17:51:32
2021-04-13 17:51:35,6848092.0,6851311.0,2021-04-13 17:51:35
2021-04-13 17:51:38,6846399.0,6848406.0,2021-04-13 17:51:38
2021-04-13 17:51:41,6845002.0,6847390.0,2021-04-13 17:51:41
2021-04-13 17:51:44,6844598.0,6847383.0,2021-04-13 17:51:44
2021-04-13 17:51:47,6847464.0,6848749.0,2021-04-13 17:51:47
2021-04-13 17:51:50,6848046.0,6848749.0,2021-04-13 17:51:50
2021-04-13 17:51:53,6850473.0,6852295.0,2021-04-13 17:51:53
2021-04-13 17:51:56,6853501.0,6855274.0,2021-04-13 17:51:56
2021-04-13 17:51:59,6854036.0,6856249.0,2021-04-13 17:51:59
2021-04-13 17:52:02,6854808.0,6856637.0,2021-04-13 17:52:02
2021-04-13 17:52:05,6854333.0,6857226.0,2021-04-13 17:52:05
2021-04-13 17:52:08,6850420.0,6853712.0,2021-04-13 17:52:08
2021-04-13 17:52:11,6850287.0,6853646.0,2021-04-13 17:52:11
2021-04-13 17:52:14,6856100.0,6857746.0,2021-04-13 17:52:14
2021-04-13 17:52:18,6857143.0,6858749.0,2021-04-13 17:52:17
2021-04-13 17:52:21,6858216.0,6861249.0,2021-04-13 17:52:21
2021-04-13 17:52:24,6862499.0,6863523.0,2021-04-13 17:52:24
2021-04-13 17:52:27,6861209.0,6863749.0,2021-04-13 17:52:27
2021-04-13 17:52:30,6863125.0,6864957.0,2021-04-13 17:52:30
2021-04-13 17:52:33,6863469.0,6867634.0,2021-04-13 17:52:33
2021-04-13 17:52:36,6864687.0,6867631.0,2021-04-13 17:52:36
2021-04-13 17:52:39,6865736.0,6868735.0,2021-04-13 17:52:39
2021-04-13 17:52:42,6866466.0,6868749.0,2021-04-13 17:52:42
2021-04-13 17:52:45,6866251.0,6867126.0,2021-04-13 17:52:45
2021-04-13 17:52:48,6866251.0,6867029.0,2021-04-13 17:52:48
2021-04-13 17:52:51,6863751.0,6864452.0,2021-04-13 17:52:51
2021-04-13 17:52:54,6863477.0,6864712.0,2021-04-13 17:52:54
2021-04-13 17:52:57,6863477.0,6864712.0,2021-04-13 17:52:57
2021-04-13 17:53:00,6864592.0,6864667.0,2021-04-13 17:53:00
2021-04-13 17:53:04,6864602.0,6866249.0,2021-04-13 17:53:03
2021-04-13 17:53:07,6862167.0,6863456.0,2021-04-13 17:53:07
2021-04-13 17:53:10,6858751.0,6861194.0,2021-04-13 17:53:10
2021-04-13 17:53:13,6856732.0,6859972.0,2021-04-13 17:53:13
2021-04-13 17:53:16,6855677.0,6856123.0,2021-04-13 17:53:16
2021-04-13 17:53:19,6857252.0,6858717.0,2021-04-13 17:53:19
2021-04-13 17:53:22,6857252.0,6859118.0,2021-04-13 17:53:22
2021-04-13 17:53:25,6861251.0,6864689.0,2021-04-13 17:53:25
2021-04-13 17:53:29,6859298.0,6860456.0,2021-04-13 17:53:29
2021-04-13 17:53:32,6861813.0,6864990.0,2021-04-13 17:53:32
2021-04-13 17:53:35,6860461.0,6862904.0,2021-04-13 17:53:35
2021-04-13 17:53:38,6861283.0,6863972.0,2021-04-13 17:53:38
2021-04-13 17:53:41,6862607.0,6864999.0,2021-04-13 17:53:41
2021-04-13 17:53:44,6863507.0,6864999.0,2021-04-13 17:53:44
2021-04-13 17:53:47,6862519.0,6864751.0,2021-04-13 17:53:47
2021-04-13 17:53:50,6862501.0,6864749.0,2021-04-13 17:53:50
2021-04-13 17:53:53,6862673.0,6864999.0,2021-04-13 17:53:53
2021-04-13 17:53:57,6862119.0,6864112.0,2021-04-13 17:53:56
2021-04-13 17:54:00,6862119.0,6864102.0,2021-04-13 17:54:00
2021-04-13 17:54:03,6860508.0,6863600.0,2021-04-13 17:54:03
2021-04-13 17:54:06,6864780.0,6864999.0,2021-04-13 17:54:06
2021-04-13 17:54:09,6864754.0,6866099.0,2021-04-13 17:54:09
2021-04-13 17:54:12,6864243.0,6864780.0,2021-04-13 17:54:12
2021-04-13 17:54:15,6863451.0,6864780.0,2021-04-13 17:54:15
2021-04-13 17:54:18,6862714.0,6865175.0,2021-04-13 17:54:18
2021-04-13 17:54:21,6861251.0,6862057.0,2021-04-13 17:54:21
2021-04-13 17:54:24,6859971.0,6861164.0,2021-04-13 17:54:24
2021-04-13 17:54:27,6858993.0,6859666.0,2021-04-13 17:54:27
2021-04-13 17:54:31,6856300.0,6857182.0,2021-04-13 17:54:31
2021-04-13 17:54:34,6859372.0,6859999.0,2021-04-13 17:54:34
2021-04-13 17:54:37,6861026.0,6861249.0,2021-04-13 17:54:37
2021-04-13 17:54:40,6862331.0,6862499.0,2021-04-13 17:54:40
2021-04-13 17:54:43,6861857.0,6864794.0,2021-04-13 17:54:43
2021-04-13 17:54:46,6860023.0,6861350.0,2021-04-13 17:54:46
2021-04-13 17:54:49,6860001.0,6860167.0,2021-04-13 17:54:49
2021-04-13 17:54:52,6860079.0,6860771.0,2021-04-13 17:54:52
2021-04-13 17:54:55,6856300.0,6856476.0,2021-04-13 17:54:55
2021-04-13 17:54:58,6856300.0,6856877.0,2021-04-13 17:54:58
2021-04-13 17:55:02,6856300.0,6856574.0,2021-04-13 17:55:01
2021-04-13 17:55:05,6855001.0,6855024.0,2021-04-13 17:55:05
2021-04-13 17:55:08,6852298.0,6853724.0,2021-04-13 17:55:08
2021-04-13 17:55:11,6851251.0,6852502.0,2021-04-13 17:55:11
2021-04-13 17:55:14,6850001.0,6851203.0,2021-04-13 17:55:14
2021-04-13 17:55:17,6848878.0,6851339.0,2021-04-13 17:55:17
2021-04-13 17:55:20,6848536.0,6852435.0,2021-04-13 17:55:20
2021-04-13 17:55:23,6850002.0,6853749.0,2021-04-13 17:55:23
2021-04-13 17:55:26,6850919.0,6851249.0,2021-04-13 17:55:26
2021-04-13 17:55:29,6850929.0,6851215.0,2021-04-13 17:55:29
2021-04-13 17:55:32,6849336.0,6850441.0,2021-04-13 17:55:32
2021-04-13 17:55:35,6846922.0,6850089.0,2021-04-13 17:55:35
2021-04-13 17:55:38,6848181.0,6850674.0,2021-04-13 17:55:38
2021-04-13 17:55:41,6847242.0,6848749.0,2021-04-13 17:55:41
2021-04-13 17:55:44,6849320.0,6850873.0,2021-04-13 17:55:44
2021-04-13 17:55:48,6847554.0,6850835.0,2021-04-13 17:55:47
2021-04-13 17:55:51,6850835.0,6853200.0,2021-04-13 17:55:51
2021-04-13 17:55:54,6850965.0,6852966.0,2021-04-13 17:55:54
2021-04-13 17:55:57,6851253.0,6853522.0,2021-04-13 17:55:57
2021-04-13 17:56:00,6853122.0,6853749.0,2021-04-13 17:56:00
2021-04-13 17:56:03,6854895.0,6856168.0,2021-04-13 17:56:03
2021-04-13 17:56:06,6855325.0,6856249.0,2021-04-13 17:56:06
2021-04-13 17:56:09,6858124.0,6858749.0,2021-04-13 17:56:09
2021-04-13 17:56:13,6855116.0,6857121.0,2021-04-13 17:56:13
2021-04-13 17:56:16,6855116.0,6856119.0,2021-04-13 17:56:16
2021-04-13 17:56:19,6853708.0,6856405.0,2021-04-13 17:56:19
2021-04-13 17:56:22,6854056.0,6857499.0,2021-04-13 17:56:22
2021-04-13 17:56:25,6856109.0,6856249.0,2021-04-13 17:56:25
2021-04-13 17:56:28,6855013.0,6857499.0,2021-04-13 17:56:28
2021-04-13 17:56:31,6857737.0,6858749.0,2021-04-13 17:56:31
2021-04-13 17:56:34,6857500.0,6858749.0,2021-04-13 17:56:34
2021-04-13 17:56:37,6857568.0,6859730.0,2021-04-13 17:56:37
2021-04-13 17:56:40,6857570.0,6859431.0,2021-04-13 17:56:40
2021-04-13 17:56:43,6857501.0,6860722.0,2021-04-13 17:56:43
2021-04-13 17:56:46,6858751.0,6860550.0,2021-04-13 17:56:46
2021-04-13 17:56:49,6858751.0,6860509.0,2021-04-13 17:56:49
2021-04-13 17:56:52,6856667.0,6857473.0,2021-04-13 17:56:52
2021-04-13 17:56:55,6855463.0,6857427.0,2021-04-13 17:56:55
2021-04-13 17:56:59,6855386.0,6857203.0,2021-04-13 17:56:58
2021-04-13 17:57:02,6855383.0,6857011.0,2021-04-13 17:57:02
2021-04-13 17:57:05,6855715.0,6857525.0,2021-04-13 17:57:05
2021-04-13 17:57:08,6855715.0,6857531.0,2021-04-13 17:57:08
2021-04-13 17:57:11,6852504.0,6854694.0,2021-04-13 17:57:11
2021-04-13 17:57:14,6851251.0,6854681.0,2021-04-13 17:57:14
2021-04-13 17:57:17,6849743.0,6851906.0,2021-04-13 17:57:17
2021-04-13 17:57:20,6850256.0,6852856.0,2021-04-13 17:57:20
2021-04-13 17:57:23,6849425.0,6851981.0,2021-04-13 17:57:23
2021-04-13 17:57:26,6849397.0,6852167.0,2021-04-13 17:57:26
2021-04-13 17:57:29,6849280.0,6851249.0,2021-04-13 17:57:29
2021-04-13 17:57:32,6849480.0,6851249.0,2021-04-13 17:57:32
2021-04-13 17:57:35,6849277.0,6851091.0,2021-04-13 17:57:35
2021-04-13 17:57:38,6849003.0,6850809.0,2021-04-13 17:57:38
2021-04-13 17:57:41,6853099.0,6853749.0,2021-04-13 17:57:41
2021-04-13 17:57:44,6852074.0,6854027.0,2021-04-13 17:57:44
2021-04-13 17:57:48,6849002.0,6851036.0,2021-04-13 17:57:47
2021-04-13 17:57:51,6849880.0,6852773.0,2021-04-13 17:57:51
2021-04-13 17:57:54,6851200.0,6852386.0,2021-04-13 17:57:54
2021-04-13 17:57:57,6852501.0,6854791.0,2021-04-13 17:57:57
2021-04-13 17:58:00,6852501.0,6853816.0,2021-04-13 17:58:00
2021-04-13 17:58:03,6855386.0,6856166.0,2021-04-13 17:58:03
2021-04-13 17:58:06,6855536.0,6856249.0,2021-04-13 17:58:06
2021-04-13 17:58:09,6855468.0,6856950.0,2021-04-13 17:58:09
2021-04-13 17:58:12,6855468.0,6857115.0,2021-04-13 17:58:12
2021-04-13 17:58:15,6853751.0,6856194.0,2021-04-13 17:58:15
2021-04-13 17:58:18,6851901.0,6854992.0,2021-04-13 17:58:18
2021-04-13 17:58:21,6851916.0,6854991.0,2021-04-13 17:58:21
2021-04-13 17:58:24,6851930.0,6854991.0,2021-04-13 17:58:24
2021-04-13 17:58:27,6852114.0,6853749.0,2021-04-13 17:58:27
2021-04-13 17:58:30,6851941.0,6853568.0,2021-04-13 17:58:30
2021-04-13 17:58:33,6852184.0,6853592.0,2021-04-13 17:58:33
2021-04-13 17:58:36,6851933.0,6853749.0,2021-04-13 17:58:36
2021-04-13 17:58:39,6851939.0,6853567.0,2021-04-13 17:58:39
2021-04-13 17:58:43,6849000.0,6850215.0,2021-04-13 17:58:42
2021-04-13 17:58:46,6850537.0,6851768.0,2021-04-13 17:58:46
2021-04-13 17:58:49,6849277.0,6851754.0,2021-04-13 17:58:49
2021-04-13 17:58:52,6853067.0,6853749.0,2021-04-13 17:58:52
2021-04-13 17:58:55,6853054.0,6854789.0,2021-04-13 17:58:55
2021-04-13 17:58:58,6857665.0,6857702.0,2021-04-13 17:58:58
2021-04-13 17:59:02,6856787.0,6857702.0,2021-04-13 17:59:02
2021-04-13 17:59:05,6860048.0,6860056.0,2021-04-13 17:59:05
2021-04-13 17:59:08,6856477.0,6859644.0,2021-04-13 17:59:08
2021-04-13 17:59:11,6857343.0,6860044.0,2021-04-13 17:59:11
2021-04-13 17:59:14,6857343.0,6860044.0,2021-04-13 17:59:14
2021-04-13 17:59:17,6856753.0,6856754.0,2021-04-13 17:59:17
2021-04-13 17:59:20,6855588.0,6858681.0,2021-04-13 17:59:20
2021-04-13 17:59:23,6856681.0,6859400.0,2021-04-13 17:59:23
2021-04-13 17:59:26,6860157.0,6860524.0,2021-04-13 17:59:26
2021-04-13 17:59:30,6859150.0,6860524.0,2021-04-13 17:59:29
2021-04-13 17:59:33,6862498.0,6863048.0,2021-04-13 17:59:33
2021-04-13 17:59:36,6865043.0,6865117.0,2021-04-13 17:59:36
2021-04-13 17:59:39,6863079.0,6866008.0,2021-04-13 17:59:39
2021-04-13 17:59:42,6863079.0,6865457.0,2021-04-13 17:59:42
2021-04-13 17:59:45,6863086.0,6865440.0,2021-04-13 17:59:45
2021-04-13 17:59:48,6860630.0,6861502.0,2021-04-13 17:59:48
2021-04-13 17:59:51,6860007.0,6862247.0,2021-04-13 17:59:51
2021-04-13 17:59:54,6860351.0,6861759.0,2021-04-13 17:59:54
2021-04-13 17:59:57,6860327.0,6861090.0,2021-04-13 17:59:57
2021-04-13 18:00:00,6862524.0,6862879.0,2021-04-13 18:00:00
2021-04-13 18:00:03,6862524.0,6862979.0,2021-04-13 18:00:03
2021-04-13 18:00:06,6865892.0,6866019.0,2021-04-13 18:00:06
2021-04-13 18:00:09,6865858.0,6866099.0,2021-04-13 18:00:09
2021-04-13 18:00:12,6864928.0,6866099.0,2021-04-13 18:00:12
2021-04-13 18:00:16,6865894.0,6866099.0,2021-04-13 18:00:15
2021-04-13 18:00:19,6860696.0,6862186.0,2021-04-13 18:00:19
2021-04-13 18:00:22,6858752.0,6858873.0,2021-04-13 18:00:22
2021-04-13 18:00:25,6859180.0,6860367.0,2021-04-13 18:00:25
2021-04-13 18:00:28,6858606.0,6860318.0,2021-04-13 18:00:28
2021-04-13 18:00:31,6855003.0,6858119.0,2021-04-13 18:00:31
2021-04-13 18:00:34,6855001.0,6857690.0,2021-04-13 18:00:34
2021-04-13 18:00:37,6854930.0,6856336.0,2021-04-13 18:00:37
2021-04-13 18:00:40,6852741.0,6853683.0,2021-04-13 18:00:40
2021-04-13 18:00:44,6851251.0,6852299.0,2021-04-13 18:00:43
2021-04-13 18:00:47,6848047.0,6849439.0,2021-04-13 18:00:47
2021-04-13 18:00:50,6850263.0,6852214.0,2021-04-13 18:00:50
2021-04-13 18:00:53,6853790.0,6854465.0,2021-04-13 18:00:53
2021-04-13 18:00:56,6850673.0,6850849.0,2021-04-13 18:00:56
2021-04-13 18:00:59,6850174.0,6851732.0,2021-04-13 18:00:59
2021-04-13 18:01:02,6850455.0,6852838.0,2021-04-13 18:01:02
2021-04-13 18:01:05,6852881.0,6854989.0,2021-04-13 18:01:05
2021-04-13 18:01:08,6855013.0,6855265.0,2021-04-13 18:01:08
2021-04-13 18:01:12,6855055.0,6855265.0,2021-04-13 18:01:12
2021-04-13 18:01:15,6855269.0,6857272.0,2021-04-13 18:01:15
2021-04-13 18:01:18,6853997.0,6856124.0,2021-04-13 18:01:18
2021-04-13 18:01:21,6852723.0,6855312.0,2021-04-13 18:01:21
2021-04-13 18:01:24,6852728.0,6855369.0,2021-04-13 18:01:24
2021-04-13 18:01:27,6851251.0,6852308.0,2021-04-13 18:01:27
2021-04-13 18:01:30,6851251.0,6852308.0,2021-04-13 18:01:30
2021-04-13 18:01:33,6850014.0,6853749.0,2021-04-13 18:01:33
2021-04-13 18:01:36,6851959.0,6854439.0,2021-04-13 18:01:36
2021-04-13 18:01:40,6850724.0,6852499.0,2021-04-13 18:01:39
2021-04-13 18:01:43,6850701.0,6851249.0,2021-04-13 18:01:43
2021-04-13 18:01:46,6850689.0,6853260.0,2021-04-13 18:01:46
2021-04-13 18:01:49,6853122.0,6854914.0,2021-04-13 18:01:49
2021-04-13 18:01:52,6853303.0,6854904.0,2021-04-13 18:01:52
2021-04-13 18:01:55,6851449.0,6853191.0,2021-04-13 18:01:55
2021-04-13 18:01:58,6851602.0,6853810.0,2021-04-13 18:01:58
2021-04-13 18:02:02,6851903.0,6853810.0,2021-04-13 18:02:01
2021-04-13 18:02:05,6851251.0,6853154.0,2021-04-13 18:02:05
2021-04-13 18:02:08,6852501.0,6854198.0,2021-04-13 18:02:08
2021-04-13 18:02:11,6852501.0,6853776.0,2021-04-13 18:02:11
2021-04-13 18:02:14,6852854.0,6854970.0,2021-04-13 18:02:14
2021-04-13 18:02:17,6854503.0,6854970.0,2021-04-13 18:02:17
2021-04-13 18:02:21,6854563.0,6854970.0,2021-04-13 18:02:21
2021-04-13 18:02:24,6853862.0,6854215.0,2021-04-13 18:02:24
2021-04-13 18:02:27,6852621.0,6854960.0,2021-04-13 18:02:27
2021-04-13 18:02:30,6852624.0,6854717.0,2021-04-13 18:02:30
2021-04-13 18:02:33,6852627.0,6854735.0,2021-04-13 18:02:33
2021-04-13 18:02:36,6852633.0,6855517.0,2021-04-13 18:02:36
2021-04-13 18:02:39,6855469.0,6856249.0,2021-04-13 18:02:39
2021-04-13 18:02:42,6855520.0,6856470.0,2021-04-13 18:02:42
2021-04-13 18:02:45,6853766.0,6854951.0,2021-04-13 18:02:45
2021-04-13 18:02:48,6853766.0,6855632.0,2021-04-13 18:02:48
2021-04-13 18:02:51,6854192.0,6856465.0,2021-04-13 18:02:51
2021-04-13 18:02:54,6853349.0,6855926.0,2021-04-13 18:02:54
2021-04-13 18:02:57,6853027.0,6855984.0,2021-04-13 18:02:57
2021-04-13 18:03:00,6853015.0,6854999.0,2021-04-13 18:03:00
2021-04-13 18:03:03,6853015.0,6854999.0,2021-04-13 18:03:03
2021-04-13 18:03:06,6853801.0,6856419.0,2021-04-13 18:03:06
2021-04-13 18:03:10,6856385.0,6856744.0,2021-04-13 18:03:09
2021-04-13 18:03:13,6856251.0,6857366.0,2021-04-13 18:03:13
2021-04-13 18:03:16,6856818.0,6858746.0,2021-04-13 18:03:16
2021-04-13 18:03:19,6856891.0,6859871.0,2021-04-13 18:03:19
2021-04-13 18:03:22,6856904.0,6859409.0,2021-04-13 18:03:22
2021-04-13 18:03:25,6856914.0,6859220.0,2021-04-13 18:03:25
2021-04-13 18:03:28,6856915.0,6858857.0,2021-04-13 18:03:28
2021-04-13 18:03:31,6855001.0,6856869.0,2021-04-13 18:03:31
2021-04-13 18:03:34,6853331.0,6856484.0,2021-04-13 18:03:34
2021-04-13 18:03:37,6852894.0,6854642.0,2021-04-13 18:03:37
2021-04-13 18:03:40,6852894.0,6854179.0,2021-04-13 18:03:40
2021-04-13 18:03:43,6851411.0,6852844.0,2021-04-13 18:03:43
2021-04-13 18:03:46,6851251.0,6855057.0,2021-04-13 18:03:46
2021-04-13 18:03:49,6851252.0,6854655.0,2021-04-13 18:03:49
2021-04-13 18:03:52,6850650.0,6851020.0,2021-04-13 18:03:52
2021-04-13 18:03:56,6849000.0,6850073.0,2021-04-13 18:03:55
2021-04-13 18:03:59,6848138.0,6850764.0,2021-04-13 18:03:59
2021-04-13 18:04:02,6851139.0,6852339.0,2021-04-13 18:04:02
2021-04-13 18:04:05,6850109.0,6851249.0,2021-04-13 18:04:05
2021-04-13 18:04:08,6850564.0,6852683.0,2021-04-13 18:04:08
2021-04-13 18:04:11,6850728.0,6852672.0,2021-04-13 18:04:11
2021-04-13 18:04:15,6852219.0,6855478.0,2021-04-13 18:04:14
2021-04-13 18:04:18,6852235.0,6853203.0,2021-04-13 18:04:18
2021-04-13 18:04:21,6853483.0,6856113.0,2021-04-13 18:04:21
2021-04-13 18:04:24,6853863.0,6856048.0,2021-04-13 18:04:24
2021-04-13 18:04:27,6852823.0,6857359.0,2021-04-13 18:04:27
2021-04-13 18:04:31,6852826.0,6855715.0,2021-04-13 18:04:30
2021-04-13 18:04:34,6853044.0,6854999.0,2021-04-13 18:04:34
2021-04-13 18:04:37,6852789.0,6853749.0,2021-04-13 18:04:37
2021-04-13 18:04:40,6851927.0,6853000.0,2021-04-13 18:04:40
2021-04-13 18:04:43,6853756.0,6855933.0,2021-04-13 18:04:43
2021-04-13 18:04:46,6852137.0,6854490.0,2021-04-13 18:04:46
2021-04-13 18:04:49,6852798.0,6855465.0,2021-04-13 18:04:49
2021-04-13 18:04:52,6853751.0,6854421.0,2021-04-13 18:04:52
2021-04-13 18:04:55,6853751.0,6854421.0,2021-04-13 18:04:55
2021-04-13 18:04:58,6853751.0,6853770.0,2021-04-13 18:04:58
2021-04-13 18:05:01,6853751.0,6853760.0,2021-04-13 18:05:01
2021-04-13 18:05:04,6853751.0,6853952.0,2021-04-13 18:05:04
2021-04-13 18:05:07,6853751.0,6853825.0,2021-04-13 18:05:07
2021-04-13 18:05:10,6853761.0,6855760.0,2021-04-13 18:05:10
2021-04-13 18:05:13,6853751.0,6855760.0,2021-04-13 18:05:13
2021-04-13 18:05:16,6853751.0,6855760.0,2021-04-13 18:05:16
2021-04-13 18:05:20,6853761.0,6855600.0,2021-04-13 18:05:19
2021-04-13 18:05:23,6853751.0,6855600.0,2021-04-13 18:05:23
2021-04-13 18:05:26,6853751.0,6855600.0,2021-04-13 18:05:26
2021-04-13 18:05:29,6853761.0,6855155.0,2021-04-13 18:05:29
2021-04-13 18:05:32,6854294.0,6855440.0,2021-04-13 18:05:32
2021-04-13 18:05:35,6853752.0,6855436.0,2021-04-13 18:05:35
2021-04-13 18:05:38,6852518.0,6855217.0,2021-04-13 18:05:38
2021-04-13 18:05:41,6856641.0,6856886.0,2021-04-13 18:05:41
2021-04-13 18:05:44,6856230.0,6858569.0,2021-04-13 18:05:44
2021-04-13 18:05:47,6856230.0,6858407.0,2021-04-13 18:05:47
2021-04-13 18:05:50,6855418.0,6858059.0,2021-04-13 18:05:50
2021-04-13 18:05:53,6855258.0,6856718.0,2021-04-13 18:05:53
2021-04-13 18:05:56,6851758.0,6853000.0,2021-04-13 18:05:56
2021-04-13 18:05:59,6850003.0,6852980.0,2021-04-13 18:05:59
2021-04-13 18:06:03,6850303.0,6852979.0,2021-04-13 18:06:02
2021-04-13 18:06:06,6850306.0,6853749.0,2021-04-13 18:06:06
2021-04-13 18:06:09,6851157.0,6852731.0,2021-04-13 18:06:09
2021-04-13 18:06:12,6852717.0,6853263.0,2021-04-13 18:06:12
2021-04-13 18:06:15,6851076.0,6851171.0,2021-04-13 18:06:15
2021-04-13 18:06:18,6851191.0,6853587.0,2021-04-13 18:06:18
2021-04-13 18:06:21,6850661.0,6853450.0,2021-04-13 18:06:21
2021-04-13 18:06:24,6851735.0,6853721.0,2021-04-13 18:06:24
2021-04-13 18:06:27,6851194.0,6851651.0,2021-04-13 18:06:27
2021-04-13 18:06:30,6852587.0,6853627.0,2021-04-13 18:06:30
2021-04-13 18:06:33,6852264.0,6854999.0,2021-04-13 18:06:33
2021-04-13 18:06:36,6853345.0,6854999.0,2021-04-13 18:06:36
2021-04-13 18:06:39,6853355.0,6854999.0,2021-04-13 18:06:39
2021-04-13 18:06:42,6853264.0,6854999.0,2021-04-13 18:06:42
2021-04-13 18:06:45,6852621.0,6853700.0,2021-04-13 18:06:45
2021-04-13 18:06:48,6851610.0,6853700.0,2021-04-13 18:06:48
2021-04-13 18:06:52,6851820.0,6853700.0,2021-04-13 18:06:51
2021-04-13 18:06:55,6851610.0,6853700.0,2021-04-13 18:06:55
2021-04-13 18:06:58,6851727.0,6853487.0,2021-04-13 18:06:58
2021-04-13 18:07:01,6852608.0,6853586.0,2021-04-13 18:07:01
2021-04-13 18:07:04,6852608.0,6853586.0,2021-04-13 18:07:04
2021-04-13 18:07:07,6852355.0,6853700.0,2021-04-13 18:07:07
2021-04-13 18:07:10,6852084.0,6853700.0,2021-04-13 18:07:10
2021-04-13 18:07:13,6850001.0,6851273.0,2021-04-13 18:07:13
2021-04-13 18:07:16,6848751.0,6851212.0,2021-04-13 18:07:16
2021-04-13 18:07:19,6846824.0,6849317.0,2021-04-13 18:07:19
2021-04-13 18:07:22,6847083.0,6849220.0,2021-04-13 18:07:22
2021-04-13 18:07:25,6846815.0,6849455.0,2021-04-13 18:07:25
2021-04-13 18:07:28,6847850.0,6849724.0,2021-04-13 18:07:28
2021-04-13 18:07:31,6847692.0,6849724.0,2021-04-13 18:07:31
2021-04-13 18:07:34,6849006.0,6849723.0,2021-04-13 18:07:34
2021-04-13 18:07:37,6848800.0,6849630.0,2021-04-13 18:07:37
2021-04-13 18:07:41,6848119.0,6849962.0,2021-04-13 18:07:40
2021-04-13 18:07:44,6847765.0,6849308.0,2021-04-13 18:07:44
2021-04-13 18:07:47,6848431.0,6849802.0,2021-04-13 18:07:47
2021-04-13 18:07:50,6848979.0,6849999.0,2021-04-13 18:07:50
2021-04-13 18:07:53,6847504.0,6849825.0,2021-04-13 18:07:53
2021-04-13 18:07:56,6847869.0,6849815.0,2021-04-13 18:07:56
2021-04-13 18:07:59,6847873.0,6849814.0,2021-04-13 18:07:59
2021-04-13 18:08:02,6848324.0,6849961.0,2021-04-13 18:08:02
2021-04-13 18:08:05,6849444.0,6849999.0,2021-04-13 18:08:05
2021-04-13 18:08:08,6848711.0,6849868.0,2021-04-13 18:08:08
2021-04-13 18:08:11,6849048.0,6849999.0,2021-04-13 18:08:11
2021-04-13 18:08:14,6849088.0,6849999.0,2021-04-13 18:08:14
2021-04-13 18:08:17,6849085.0,6849999.0,2021-04-13 18:08:17
2021-04-13 18:08:20,6850269.0,6851060.0,2021-04-13 18:08:20
2021-04-13 18:08:23,6849887.0,6850979.0,2021-04-13 18:08:23
2021-04-13 18:08:26,6852213.0,6853700.0,2021-04-13 18:08:26
2021-04-13 18:08:29,6852538.0,6853700.0,2021-04-13 18:08:29
2021-04-13 18:08:33,6851486.0,6853663.0,2021-04-13 18:08:32
2021-04-13 18:08:36,6851507.0,6853700.0,2021-04-13 18:08:36
2021-04-13 18:08:39,6852400.0,6853700.0,2021-04-13 18:08:39
2021-04-13 18:08:42,6851999.0,6853531.0,2021-04-13 18:08:42
2021-04-13 18:08:45,6851390.0,6853400.0,2021-04-13 18:08:45
2021-04-13 18:08:48,6850004.0,6853490.0,2021-04-13 18:08:48
2021-04-13 18:08:51,6850476.0,6852499.0,2021-04-13 18:08:51
2021-04-13 18:08:54,6850001.0,6850251.0,2021-04-13 18:08:54
2021-04-13 18:08:57,6850001.0,6850251.0,2021-04-13 18:08:57
2021-04-13 18:09:00,6850001.0,6850251.0,2021-04-13 18:09:00
2021-04-13 18:09:03,6850251.0,6851672.0,2021-04-13 18:09:03
2021-04-13 18:09:06,6850251.0,6851394.0,2021-04-13 18:09:06
2021-04-13 18:09:09,6850251.0,6851270.0,2021-04-13 18:09:09
2021-04-13 18:09:12,6850251.0,6851662.0,2021-04-13 18:09:12
2021-04-13 18:09:15,6852777.0,6853807.0,2021-04-13 18:09:15
2021-04-13 18:09:18,6855000.0,6855410.0,2021-04-13 18:09:18
2021-04-13 18:09:21,6855140.0,6857765.0,2021-04-13 18:09:21
2021-04-13 18:09:25,6857552.0,6858629.0,2021-04-13 18:09:25
2021-04-13 18:09:28,6857552.0,6858268.0,2021-04-13 18:09:28
2021-04-13 18:09:31,6857294.0,6858109.0,2021-04-13 18:09:31
2021-04-13 18:09:34,6853938.0,6855067.0,2021-04-13 18:09:34
2021-04-13 18:09:37,6852176.0,6852749.0,2021-04-13 18:09:37
2021-04-13 18:09:40,6854615.0,6854734.0,2021-04-13 18:09:40
2021-04-13 18:09:43,6854640.0,6854999.0,2021-04-13 18:09:43
2021-04-13 18:09:46,6853785.0,6854999.0,2021-04-13 18:09:46
2021-04-13 18:09:49,6854368.0,6854935.0,2021-04-13 18:09:49
2021-04-13 18:09:52,6854128.0,6854999.0,2021-04-13 18:09:52
2021-04-13 18:09:55,6852799.0,6854999.0,2021-04-13 18:09:55
2021-04-13 18:09:58,6852799.0,6854778.0,2021-04-13 18:09:58
2021-04-13 18:10:01,6852799.0,6854999.0,2021-04-13 18:10:01
2021-04-13 18:10:04,6852799.0,6854999.0,2021-04-13 18:10:04
2021-04-13 18:10:08,6852799.0,6854999.0,2021-04-13 18:10:07
2021-04-13 18:10:11,6852799.0,6854989.0,2021-04-13 18:10:11
2021-04-13 18:10:14,6852799.0,6854999.0,2021-04-13 18:10:14
2021-04-13 18:10:17,6852807.0,6855507.0,2021-04-13 18:10:17
2021-04-13 18:10:20,6853751.0,6855497.0,2021-04-13 18:10:20
2021-04-13 18:10:23,6853751.0,6853959.0,2021-04-13 18:10:23
2021-04-13 18:10:26,6852613.0,6854609.0,2021-04-13 18:10:26
2021-04-13 18:10:29,6859116.0,6861249.0,2021-04-13 18:10:29
2021-04-13 18:10:32,6857296.0,6858882.0,2021-04-13 18:10:32
2021-04-13 18:10:35,6855973.0,6857228.0,2021-04-13 18:10:35
2021-04-13 18:10:38,6858542.0,6859138.0,2021-04-13 18:10:38
2021-04-13 18:10:41,6861080.0,6863259.0,2021-04-13 18:10:41
2021-04-13 18:10:44,6862950.0,6863749.0,2021-04-13 18:10:44
2021-04-13 18:10:47,6861181.0,6863749.0,2021-04-13 18:10:47
2021-04-13 18:10:51,6861185.0,6863749.0,2021-04-13 18:10:50
2021-04-13 18:10:54,6861022.0,6862520.0,2021-04-13 18:10:54
2021-04-13 18:10:57,6861025.0,6862520.0,2021-04-13 18:10:57
2021-04-13 18:11:00,6861230.0,6862390.0,2021-04-13 18:11:00
2021-04-13 18:11:03,6860333.0,6862290.0,2021-04-13 18:11:03
2021-04-13 18:11:06,6860553.0,6861485.0,2021-04-13 18:11:06
2021-04-13 18:11:09,6859141.0,6860312.0,2021-04-13 18:11:09
2021-04-13 18:11:12,6860901.0,6861249.0,2021-04-13 18:11:12
2021-04-13 18:11:15,6859373.0,6860499.0,2021-04-13 18:11:15
2021-04-13 18:11:18,6859140.0,6859300.0,2021-04-13 18:11:18
2021-04-13 18:11:21,6856251.0,6858599.0,2021-04-13 18:11:21
2021-04-13 18:11:24,6856251.0,6857571.0,2021-04-13 18:11:24
2021-04-13 18:11:27,6857292.0,6858401.0,2021-04-13 18:11:27
2021-04-13 18:11:30,6856251.0,6858596.0,2021-04-13 18:11:30
2021-04-13 18:11:33,6855159.0,6856571.0,2021-04-13 18:11:33
2021-04-13 18:11:36,6854387.0,6855995.0,2021-04-13 18:11:36
2021-04-13 18:11:40,6854035.0,6855985.0,2021-04-13 18:11:39
2021-04-13 18:11:43,6853774.0,6855589.0,2021-04-13 18:11:43
2021-04-13 18:11:46,6853774.0,6855579.0,2021-04-13 18:11:46
2021-04-13 18:11:49,6851468.0,6852499.0,2021-04-13 18:11:49
2021-04-13 18:11:52,6850252.0,6851432.0,2021-04-13 18:11:52
2021-04-13 18:11:55,6850371.0,6851432.0,2021-04-13 18:11:55
2021-04-13 18:11:58,6853891.0,6857174.0,2021-04-13 18:11:58
2021-04-13 18:12:01,6853398.0,6856752.0,2021-04-13 18:12:01
2021-04-13 18:12:05,6852186.0,6855340.0,2021-04-13 18:12:04
2021-04-13 18:12:08,6852633.0,6854949.0,2021-04-13 18:12:08
2021-04-13 18:12:11,6852987.0,6855170.0,2021-04-13 18:12:11
2021-04-13 18:12:14,6855001.0,6855134.0,2021-04-13 18:12:14
2021-04-13 18:12:17,6854103.0,6854976.0,2021-04-13 18:12:17
2021-04-13 18:12:20,6850935.0,6852319.0,2021-04-13 18:12:20
2021-04-13 18:12:23,6851223.0,6852218.0,2021-04-13 18:12:23
2021-04-13 18:12:26,6850935.0,6854091.0,2021-04-13 18:12:26
2021-04-13 18:12:29,6850167.0,6852265.0,2021-04-13 18:12:29
2021-04-13 18:12:32,6850844.0,6852499.0,2021-04-13 18:12:32
2021-04-13 18:12:35,6850844.0,6852499.0,2021-04-13 18:12:35
2021-04-13 18:12:38,6850317.0,6852499.0,2021-04-13 18:12:38
2021-04-13 18:12:41,6850537.0,6852499.0,2021-04-13 18:12:41
2021-04-13 18:12:44,6853240.0,6854778.0,2021-04-13 18:12:44
2021-04-13 18:12:47,6852816.0,6854580.0,2021-04-13 18:12:47
2021-04-13 18:12:50,6851595.0,6854453.0,2021-04-13 18:12:50
2021-04-13 18:12:54,6851251.0,6854443.0,2021-04-13 18:12:53
2021-04-13 18:12:57,6852701.0,6853749.0,2021-04-13 18:12:57
2021-04-13 18:13:00,6852701.0,6853644.0,2021-04-13 18:13:00
2021-04-13 18:13:03,6855020.0,6856903.0,2021-04-13 18:13:03
2021-04-13 18:13:06,6855856.0,6857499.0,2021-04-13 18:13:06
2021-04-13 18:13:09,6855636.0,6855840.0,2021-04-13 18:13:09
2021-04-13 18:13:12,6855001.0,6855756.0,2021-04-13 18:13:12
2021-04-13 18:13:15,6855001.0,6855840.0,2021-04-13 18:13:15
2021-04-13 18:13:18,6853953.0,6855663.0,2021-04-13 18:13:18
2021-04-13 18:13:21,6852501.0,6853986.0,2021-04-13 18:13:21
2021-04-13 18:13:24,6852307.0,6853986.0,2021-04-13 18:13:24
2021-04-13 18:13:27,6852481.0,6853986.0,2021-04-13 18:13:27
2021-04-13 18:13:30,6852306.0,6853186.0,2021-04-13 18:13:30
2021-04-13 18:13:33,6852306.0,6853186.0,2021-04-13 18:13:33
2021-04-13 18:13:36,6851022.0,6851808.0,2021-04-13 18:13:36
2021-04-13 18:13:39,6851000.0,6852394.0,2021-04-13 18:13:39
2021-04-13 18:13:43,6851000.0,6852506.0,2021-04-13 18:13:42
2021-04-13 18:13:46,6854594.0,6855756.0,2021-04-13 18:13:46
2021-04-13 18:13:49,6854594.0,6855756.0,2021-04-13 18:13:49
2021-04-13 18:13:52,6854191.0,6855599.0,2021-04-13 18:13:52
2021-04-13 18:13:55,6854191.0,6855756.0,2021-04-13 18:13:55
2021-04-13 18:13:58,6853857.0,6855756.0,2021-04-13 18:13:58
2021-04-13 18:14:01,6853857.0,6855756.0,2021-04-13 18:14:01
2021-04-13 18:14:04,6854594.0,6855756.0,2021-04-13 18:14:04
2021-04-13 18:14:07,6854867.0,6855756.0,2021-04-13 18:14:07
2021-04-13 18:14:10,6855132.0,6857499.0,2021-04-13 18:14:10
2021-04-13 18:14:13,6859447.0,6859999.0,2021-04-13 18:14:13
2021-04-13 18:14:17,6860188.0,6861393.0,2021-04-13 18:14:17
2021-04-13 18:14:20,6857640.0,6858188.0,2021-04-13 18:14:20
2021-04-13 18:14:23,6858387.0,6860618.0,2021-04-13 18:14:23
2021-04-13 18:14:26,6858628.0,6860608.0,2021-04-13 18:14:26
2021-04-13 18:14:29,6856251.0,6856351.0,2021-04-13 18:14:29
2021-04-13 18:14:32,6855158.0,6856728.0,2021-04-13 18:14:32
2021-04-13 18:14:36,6857400.0,6858142.0,2021-04-13 18:14:35
2021-04-13 18:14:39,6856138.0,6857499.0,2021-04-13 18:14:39
2021-04-13 18:14:42,6857649.0,6858749.0,2021-04-13 18:14:42
2021-04-13 18:14:45,6857769.0,6858749.0,2021-04-13 18:14:45
2021-04-13 18:14:48,6858120.0,6859999.0,2021-04-13 18:14:48
2021-04-13 18:14:51,6858578.0,6861601.0,2021-04-13 18:14:51
2021-04-13 18:14:54,6858401.0,6860607.0,2021-04-13 18:14:54
2021-04-13 18:14:57,6860249.0,6862478.0,2021-04-13 18:14:57
2021-04-13 18:15:00,6860001.0,6862478.0,2021-04-13 18:15:00
2021-04-13 18:15:04,6860011.0,6862478.0,2021-04-13 18:15:03
2021-04-13 18:15:07,6858350.0,6859143.0,2021-04-13 18:15:07
2021-04-13 18:15:10,6858465.0,6859818.0,2021-04-13 18:15:10
2021-04-13 18:15:13,6857859.0,6860553.0,2021-04-13 18:15:13
2021-04-13 18:15:16,6856251.0,6857269.0,2021-04-13 18:15:16
2021-04-13 18:15:19,6856251.0,6857319.0,2021-04-13 18:15:19
2021-04-13 18:15:22,6855051.0,6857455.0,2021-04-13 18:15:22
2021-04-13 18:15:25,6855001.0,6856392.0,2021-04-13 18:15:25
2021-04-13 18:15:28,6856273.0,6856418.0,2021-04-13 18:15:28
2021-04-13 18:15:31,6853886.0,6855184.0,2021-04-13 18:15:31
2021-04-13 18:15:34,6857743.0,6858749.0,2021-04-13 18:15:34
2021-04-13 18:15:37,6856775.0,6858551.0,2021-04-13 18:15:37
2021-04-13 18:15:40,6858902.0,6860101.0,2021-04-13 18:15:40
2021-04-13 18:15:43,6860664.0,6861249.0,2021-04-13 18:15:43
2021-04-13 18:15:46,6858892.0,6860625.0,2021-04-13 18:15:46
2021-04-13 18:15:50,6858751.0,6860100.0,2021-04-13 18:15:49
2021-04-13 18:15:53,6858831.0,6862387.0,2021-04-13 18:15:53
2021-04-13 18:15:56,6859187.0,6862381.0,2021-04-13 18:15:56
2021-04-13 18:15:59,6859467.0,6861768.0,2021-04-13 18:15:59
2021-04-13 18:16:02,6860002.0,6862437.0,2021-04-13 18:16:02
2021-04-13 18:16:05,6860003.0,6862437.0,2021-04-13 18:16:05
2021-04-13 18:16:08,6860001.0,6861863.0,2021-04-13 18:16:08
2021-04-13 18:16:11,6859287.0,6860822.0,2021-04-13 18:16:11
2021-04-13 18:16:15,6859386.0,6861936.0,2021-04-13 18:16:15
2021-04-13 18:16:18,6859424.0,6862198.0,2021-04-13 18:16:18
2021-04-13 18:16:21,6859436.0,6861249.0,2021-04-13 18:16:21
2021-04-13 18:16:24,6859618.0,6861249.0,2021-04-13 18:16:24
2021-04-13 18:16:27,6860500.0,6862000.0,2021-04-13 18:16:27
2021-04-13 18:16:30,6860500.0,6861249.0,2021-04-13 18:16:30
2021-04-13 18:16:33,6860500.0,6861872.0,2021-04-13 18:16:33
2021-04-13 18:16:36,6860500.0,6861872.0,2021-04-13 18:16:36
2021-04-13 18:16:39,6858745.0,6861900.0,2021-04-13 18:16:39
2021-04-13 18:16:42,6860321.0,6861202.0,2021-04-13 18:16:42
2021-04-13 18:16:45,6858000.0,6858743.0,2021-04-13 18:16:45
2021-04-13 18:16:48,6858000.0,6859719.0,2021-04-13 18:16:48
2021-04-13 18:16:51,6858199.0,6859988.0,2021-04-13 18:16:51
2021-04-13 18:16:54,6858000.0,6859772.0,2021-04-13 18:16:54
2021-04-13 18:16:57,6856923.0,6859076.0,2021-04-13 18:16:57
2021-04-13 18:17:01,6856950.0,6859993.0,2021-04-13 18:17:00
2021-04-13 18:17:04,6858238.0,6858749.0,2021-04-13 18:17:04
2021-04-13 18:17:07,6858137.0,6858749.0,2021-04-13 18:17:07
2021-04-13 18:17:10,6857185.0,6858535.0,2021-04-13 18:17:10
2021-04-13 18:17:13,6855212.0,6856244.0,2021-04-13 18:17:13
2021-04-13 18:17:16,6855001.0,6856132.0,2021-04-13 18:17:16
2021-04-13 18:17:19,6855933.0,6856784.0,2021-04-13 18:17:19
2021-04-13 18:17:22,6855983.0,6857077.0,2021-04-13 18:17:22
2021-04-13 18:17:25,6853886.0,6855766.0,2021-04-13 18:17:25
2021-04-13 18:17:28,6854074.0,6855957.0,2021-04-13 18:17:28
2021-04-13 18:17:31,6853145.0,6853470.0,2021-04-13 18:17:31
2021-04-13 18:17:34,6851251.0,6853145.0,2021-04-13 18:17:34
2021-04-13 18:17:37,6852054.0,6853144.0,2021-04-13 18:17:37
2021-04-13 18:17:40,6853487.0,6853867.0,2021-04-13 18:17:40
2021-04-13 18:17:43,6852054.0,6853327.0,2021-04-13 18:17:43
2021-04-13 18:17:46,6852501.0,6852803.0,2021-04-13 18:17:46
2021-04-13 18:17:50,6852501.0,6852779.0,2021-04-13 18:17:49
2021-04-13 18:17:53,6850190.0,6852318.0,2021-04-13 18:17:53
2021-04-13 18:17:56,6849082.0,6850015.0,2021-04-13 18:17:56
2021-04-13 18:17:59,6848751.0,6849377.0,2021-04-13 18:17:59
2021-04-13 18:18:02,6848936.0,6850508.0,2021-04-13 18:18:02
2021-04-13 18:18:05,6849314.0,6851249.0,2021-04-13 18:18:05
2021-04-13 18:18:08,6849269.0,6850838.0,2021-04-13 18:18:08
2021-04-13 18:18:11,6849401.0,6851064.0,2021-04-13 18:18:11
2021-04-13 18:18:14,6849094.0,6850961.0,2021-04-13 18:18:14
2021-04-13 18:18:17,6848751.0,6850317.0,2021-04-13 18:18:17
2021-04-13 18:18:20,6848750.0,6850125.0,2021-04-13 18:18:20
2021-04-13 18:18:23,6848666.0,6849910.0,2021-04-13 18:18:23
2021-04-13 18:18:26,6848167.0,6849403.0,2021-04-13 18:18:26
2021-04-13 18:18:30,6848438.0,6850836.0,2021-04-13 18:18:29
2021-04-13 18:18:33,6848166.0,6850507.0,2021-04-13 18:18:33
2021-04-13 18:18:36,6846798.0,6850483.0,2021-04-13 18:18:36
2021-04-13 18:18:39,6848140.0,6850483.0,2021-04-13 18:18:39
2021-04-13 18:18:42,6848907.0,6849999.0,2021-04-13 18:18:42
2021-04-13 18:18:45,6849978.0,6849999.0,2021-04-13 18:18:45
2021-04-13 18:18:48,6852823.0,6852962.0,2021-04-13 18:18:48
2021-04-13 18:18:52,6851560.0,6853142.0,2021-04-13 18:18:52
2021-04-13 18:18:55,6850511.0,6853326.0,2021-04-13 18:18:55
2021-04-13 18:18:58,6850527.0,6853073.0,2021-04-13 18:18:58
2021-04-13 18:19:01,6851251.0,6852926.0,2021-04-13 18:19:01
2021-04-13 18:19:04,6851251.0,6853320.0,2021-04-13 18:19:04
2021-04-13 18:19:07,6851251.0,6853310.0,2021-04-13 18:19:07
2021-04-13 18:19:10,6851251.0,6853326.0,2021-04-13 18:19:10
2021-04-13 18:19:13,6852854.0,6853326.0,2021-04-13 18:19:13
2021-04-13 18:19:16,6851261.0,6854048.0,2021-04-13 18:19:16
2021-04-13 18:19:19,6851261.0,6853676.0,2021-04-13 18:19:19
2021-04-13 18:19:22,6849632.0,6853508.0,2021-04-13 18:19:22
2021-04-13 18:19:25,6850271.0,6854087.0,2021-04-13 18:19:25
2021-04-13 18:19:28,6850241.0,6851249.0,2021-04-13 18:19:28
2021-04-13 18:19:31,6850241.0,6851148.0,2021-04-13 18:19:31
2021-04-13 18:19:35,6849770.0,6851697.0,2021-04-13 18:19:34
2021-04-13 18:19:38,6849770.0,6852707.0,2021-04-13 18:19:38
2021-04-13 18:19:41,6850001.0,6852704.0,2021-04-13 18:19:41
2021-04-13 18:19:44,6850001.0,6852025.0,2021-04-13 18:19:44
2021-04-13 18:19:47,6850021.0,6851877.0,2021-04-13 18:19:47
2021-04-13 18:19:50,6848270.0,6850292.0,2021-04-13 18:19:50
2021-04-13 18:19:53,6848354.0,6849368.0,2021-04-13 18:19:53
2021-04-13 18:19:56,6848084.0,6849236.0,2021-04-13 18:19:56
2021-04-13 18:20:00,6847403.0,6847997.0,2021-04-13 18:19:59
2021-04-13 18:20:03,6846715.0,6847914.0,2021-04-13 18:20:03
2021-04-13 18:20:06,6849116.0,6852309.0,2021-04-13 18:20:06
2021-04-13 18:20:09,6848951.0,6851315.0,2021-04-13 18:20:09
2021-04-13 18:20:12,6850001.0,6852086.0,2021-04-13 18:20:12
2021-04-13 18:20:15,6850001.0,6850960.0,2021-04-13 18:20:15
2021-04-13 18:20:18,6848751.0,6850850.0,2021-04-13 18:20:18
2021-04-13 18:20:21,6848751.0,6850639.0,2021-04-13 18:20:21
2021-04-13 18:20:24,6848751.0,6849851.0,2021-04-13 18:20:24
2021-04-13 18:20:27,6848562.0,6849843.0,2021-04-13 18:20:27
2021-04-13 18:20:30,6847776.0,6850499.0,2021-04-13 18:20:30
2021-04-13 18:20:33,6847106.0,6848749.0,2021-04-13 18:20:33
2021-04-13 18:20:37,6846851.0,6848745.0,2021-04-13 18:20:36
2021-04-13 18:20:40,6846523.0,6847486.0,2021-04-13 18:20:40
2021-04-13 18:20:43,6846523.0,6847378.0,2021-04-13 18:20:43
2021-04-13 18:20:46,6846608.0,6847370.0,2021-04-13 18:20:46
2021-04-13 18:20:49,6846523.0,6849011.0,2021-04-13 18:20:49
2021-04-13 18:20:52,6846523.0,6848748.0,2021-04-13 18:20:52
2021-04-13 18:20:55,6846229.0,6848748.0,2021-04-13 18:20:55
2021-04-13 18:20:58,6846109.0,6847240.0,2021-04-13 18:20:58
2021-04-13 18:21:01,6845961.0,6846059.0,2021-04-13 18:21:01
2021-04-13 18:21:04,6846518.0,6847499.0,2021-04-13 18:21:04
2021-04-13 18:21:08,6846415.0,6849384.0,2021-04-13 18:21:07
2021-04-13 18:21:11,6844475.0,6846407.0,2021-04-13 18:21:11
2021-04-13 18:21:14,6844595.0,6846050.0,2021-04-13 18:21:14
2021-04-13 18:21:17,6845001.0,6845043.0,2021-04-13 18:21:17
2021-04-13 18:21:20,6843751.0,6844437.0,2021-04-13 18:21:20
2021-04-13 18:21:23,6842501.0,6843866.0,2021-04-13 18:21:23
2021-04-13 18:21:26,6841251.0,6843210.0,2021-04-13 18:21:26
2021-04-13 18:21:29,6841403.0,6842519.0,2021-04-13 18:21:29
2021-04-13 18:21:32,6841834.0,6843244.0,2021-04-13 18:21:32
2021-04-13 18:21:35,6841683.0,6843244.0,2021-04-13 18:21:35
2021-04-13 18:21:38,6841232.0,6843540.0,2021-04-13 18:21:38
2021-04-13 18:21:41,6840688.0,6842444.0,2021-04-13 18:21:41
2021-04-13 18:21:44,6840494.0,6842499.0,2021-04-13 18:21:44
2021-04-13 18:21:47,6840366.0,6841286.0,2021-04-13 18:21:47
2021-04-13 18:21:50,6840784.0,6842264.0,2021-04-13 18:21:50
2021-04-13 18:21:53,6840640.0,6842234.0,2021-04-13 18:21:53
2021-04-13 18:21:57,6837501.0,6838567.0,2021-04-13 18:21:56
2021-04-13 18:22:00,6838457.0,6839950.0,2021-04-13 18:22:00
2021-04-13 18:22:03,6838383.0,6838648.0,2021-04-13 18:22:03
2021-04-13 18:22:06,6836876.0,6838438.0,2021-04-13 18:22:06
2021-04-13 18:22:09,6837075.0,6838749.0,2021-04-13 18:22:09
2021-04-13 18:22:12,6836910.0,6837261.0,2021-04-13 18:22:12
2021-04-13 18:22:15,6835880.0,6837468.0,2021-04-13 18:22:15
2021-04-13 18:22:18,6837261.0,6838749.0,2021-04-13 18:22:18
2021-04-13 18:22:21,6837261.0,6837499.0,2021-04-13 18:22:21
2021-04-13 18:22:24,6835469.0,6836360.0,2021-04-13 18:22:24
2021-04-13 18:22:28,6835467.0,6836743.0,2021-04-13 18:22:27
2021-04-13 18:22:31,6838830.0,6840791.0,2021-04-13 18:22:31
2021-04-13 18:22:34,6837648.0,6838395.0,2021-04-13 18:22:34
2021-04-13 18:22:37,6835677.0,6837916.0,2021-04-13 18:22:37
2021-04-13 18:22:40,6835629.0,6837901.0,2021-04-13 18:22:40
2021-04-13 18:22:43,6836096.0,6837911.0,2021-04-13 18:22:43
2021-04-13 18:22:46,6836817.0,6837903.0,2021-04-13 18:22:46
2021-04-13 18:22:49,6837015.0,6837495.0,2021-04-13 18:22:49
2021-04-13 18:22:52,6837021.0,6837492.0,2021-04-13 18:22:52
2021-04-13 18:22:55,6837021.0,6837480.0,2021-04-13 18:22:55
2021-04-13 18:22:58,6837444.0,6837499.0,2021-04-13 18:22:58
2021-04-13 18:23:01,6837140.0,6837400.0,2021-04-13 18:23:01
2021-04-13 18:23:04,6835680.0,6837154.0,2021-04-13 18:23:04
2021-04-13 18:23:08,6835691.0,6837400.0,2021-04-13 18:23:07
2021-04-13 18:23:11,6835043.0,6836872.0,2021-04-13 18:23:11
2021-04-13 18:23:14,6835043.0,6836633.0,2021-04-13 18:23:14
2021-04-13 18:23:17,6835043.0,6836950.0,2021-04-13 18:23:17
2021-04-13 18:23:20,6838122.0,6839831.0,2021-04-13 18:23:20
2021-04-13 18:23:23,6838589.0,6839999.0,2021-04-13 18:23:23
2021-04-13 18:23:26,6841270.0,6842135.0,2021-04-13 18:23:26
2021-04-13 18:23:29,6841591.0,6843265.0,2021-04-13 18:23:29
2021-04-13 18:23:33,6841711.0,6843452.0,2021-04-13 18:23:32
2021-04-13 18:23:36,6842058.0,6843551.0,2021-04-13 18:23:36
2021-04-13 18:23:39,6842200.0,6843469.0,2021-04-13 18:23:39
2021-04-13 18:23:42,6841725.0,6843433.0,2021-04-13 18:23:42
2021-04-13 18:23:45,6842437.0,6843390.0,2021-04-13 18:23:45
2021-04-13 18:23:48,6841725.0,6843372.0,2021-04-13 18:23:48
2021-04-13 18:23:51,6841900.0,6843469.0,2021-04-13 18:23:51
2021-04-13 18:23:54,6842274.0,6843456.0,2021-04-13 18:23:54
2021-04-13 18:23:57,6842152.0,6843469.0,2021-04-13 18:23:57
2021-04-13 18:24:00,6841757.0,6842141.0,2021-04-13 18:24:00
2021-04-13 18:24:03,6841141.0,6842996.0,2021-04-13 18:24:03
2021-04-13 18:24:06,6841141.0,6843469.0,2021-04-13 18:24:06
2021-04-13 18:24:09,6841319.0,6842451.0,2021-04-13 18:24:09
2021-04-13 18:24:12,6839018.0,6840297.0,2021-04-13 18:24:12
2021-04-13 18:24:15,6838973.0,6838974.0,2021-04-13 18:24:15
2021-04-13 18:24:19,6838973.0,6838974.0,2021-04-13 18:24:18
2021-04-13 18:24:22,6842946.0,6843469.0,2021-04-13 18:24:22
2021-04-13 18:24:25,6841180.0,6841972.0,2021-04-13 18:24:25
2021-04-13 18:24:28,6840990.0,6841250.0,2021-04-13 18:24:28
2021-04-13 18:24:31,6839183.0,6841972.0,2021-04-13 18:24:31
2021-04-13 18:24:34,6841654.0,6843510.0,2021-04-13 18:24:34
2021-04-13 18:24:37,6841680.0,6843507.0,2021-04-13 18:24:37
2021-04-13 18:24:40,6842740.0,6843507.0,2021-04-13 18:24:40
2021-04-13 18:24:43,6841374.0,6842822.0,2021-04-13 18:24:43
2021-04-13 18:24:46,6842968.0,6845001.0,2021-04-13 18:24:46
2021-04-13 18:24:49,6844311.0,6845595.0,2021-04-13 18:24:49
2021-04-13 18:24:52,6844573.0,6846249.0,2021-04-13 18:24:52
2021-04-13 18:24:57,6845000.0,6846249.0,2021-04-13 18:24:55
2021-04-13 18:25:00,6845089.0,6846136.0,2021-04-13 18:25:00
2021-04-13 18:25:03,6843821.0,6846249.0,2021-04-13 18:25:03
2021-04-13 18:25:06,6843821.0,6846236.0,2021-04-13 18:25:06
2021-04-13 18:25:09,6843924.0,6845477.0,2021-04-13 18:25:09
2021-04-13 18:25:12,6842501.0,6843597.0,2021-04-13 18:25:12
2021-04-13 18:25:15,6842501.0,6843597.0,2021-04-13 18:25:15
2021-04-13 18:25:18,6840320.0,6842726.0,2021-04-13 18:25:18
2021-04-13 18:25:21,6840001.0,6842701.0,2021-04-13 18:25:21
2021-04-13 18:25:24,6840001.0,6840405.0,2021-04-13 18:25:24
2021-04-13 18:25:27,6840001.0,6840501.0,2021-04-13 18:25:27
2021-04-13 18:25:30,6840001.0,6840192.0,2021-04-13 18:25:30
2021-04-13 18:25:33,6840001.0,6840404.0,2021-04-13 18:25:33
2021-04-13 18:25:36,6840196.0,6841949.0,2021-04-13 18:25:36
2021-04-13 18:25:40,6840196.0,6841949.0,2021-04-13 18:25:40
2021-04-13 18:25:43,6840001.0,6841943.0,2021-04-13 18:25:43
2021-04-13 18:25:46,6840406.0,6841943.0,2021-04-13 18:25:46
2021-04-13 18:25:49,6840559.0,6842100.0,2021-04-13 18:25:49
2021-04-13 18:25:52,6840001.0,6841685.0,2021-04-13 18:25:52
2021-04-13 18:25:55,6840001.0,6841873.0,2021-04-13 18:25:55
2021-04-13 18:25:58,6840001.0,6841697.0,2021-04-13 18:25:58
2021-04-13 18:26:01,6840001.0,6841697.0,2021-04-13 18:26:01
2021-04-13 18:26:04,6839427.0,6841825.0,2021-04-13 18:26:04
2021-04-13 18:26:07,6839437.0,6841067.0,2021-04-13 18:26:07
2021-04-13 18:26:10,6839458.0,6841249.0,2021-04-13 18:26:10
2021-04-13 18:26:13,6839426.0,6841249.0,2021-04-13 18:26:13
2021-04-13 18:26:16,6840000.0,6841059.0,2021-04-13 18:26:16
2021-04-13 18:26:19,6839424.0,6839956.0,2021-04-13 18:26:19
2021-04-13 18:26:22,6838751.0,6840416.0,2021-04-13 18:26:22
2021-04-13 18:26:25,6838893.0,6840263.0,2021-04-13 18:26:25
2021-04-13 18:26:29,6838751.0,6840248.0,2021-04-13 18:26:28
2021-04-13 18:26:32,6838751.0,6840416.0,2021-04-13 18:26:32
2021-04-13 18:26:35,6840001.0,6841249.0,2021-04-13 18:26:35
2021-04-13 18:26:38,6839938.0,6841249.0,2021-04-13 18:26:38
2021-04-13 18:26:41,6843263.0,6843597.0,2021-04-13 18:26:41
2021-04-13 18:26:44,6842823.0,6843519.0,2021-04-13 18:26:44
2021-04-13 18:26:47,6840790.0,6842902.0,2021-04-13 18:26:47
2021-04-13 18:26:50,6841433.0,6843597.0,2021-04-13 18:26:50
2021-04-13 18:26:53,6841521.0,6843597.0,2021-04-13 18:26:53
2021-04-13 18:26:56,6841675.0,6842745.0,2021-04-13 18:26:56
2021-04-13 18:26:59,6841685.0,6843404.0,2021-04-13 18:26:59
2021-04-13 18:27:02,6841664.0,6842100.0,2021-04-13 18:27:02
2021-04-13 18:27:05,6843219.0,6843597.0,2021-04-13 18:27:05
2021-04-13 18:27:08,6842499.0,6843597.0,2021-04-13 18:27:08
2021-04-13 18:27:11,6843276.0,6845695.0,2021-04-13 18:27:11
2021-04-13 18:27:14,6843274.0,6845685.0,2021-04-13 18:27:14
2021-04-13 18:27:17,6843414.0,6845763.0,2021-04-13 18:27:17
2021-04-13 18:27:21,6843979.0,6846249.0,2021-04-13 18:27:20
2021-04-13 18:27:24,6844566.0,6847000.0,2021-04-13 18:27:24
2021-04-13 18:27:27,6845001.0,6847000.0,2021-04-13 18:27:27
2021-04-13 18:27:30,6845002.0,6847000.0,2021-04-13 18:27:30
2021-04-13 18:27:33,6845140.0,6847000.0,2021-04-13 18:27:33
2021-04-13 18:27:36,6846057.0,6847499.0,2021-04-13 18:27:36
2021-04-13 18:27:39,6846055.0,6847499.0,2021-04-13 18:27:39
2021-04-13 18:27:42,6846021.0,6847313.0,2021-04-13 18:27:42
2021-04-13 18:27:45,6845001.0,6846005.0,2021-04-13 18:27:45
2021-04-13 18:27:48,6843751.0,6844475.0,2021-04-13 18:27:48
2021-04-13 18:27:51,6843751.0,6845715.0,2021-04-13 18:27:51
2021-04-13 18:27:54,6843751.0,6845517.0,2021-04-13 18:27:54
2021-04-13 18:27:57,6843751.0,6844073.0,2021-04-13 18:27:57
2021-04-13 18:28:00,6843751.0,6844609.0,2021-04-13 18:28:00
2021-04-13 18:28:03,6841251.0,6842014.0,2021-04-13 18:28:03
2021-04-13 18:28:06,6841251.0,6842587.0,2021-04-13 18:28:06
2021-04-13 18:28:10,6841251.0,6842447.0,2021-04-13 18:28:09
2021-04-13 18:28:13,6839667.0,6840148.0,2021-04-13 18:28:13
2021-04-13 18:28:16,6838065.0,6840091.0,2021-04-13 18:28:16
2021-04-13 18:28:19,6838021.0,6841619.0,2021-04-13 18:28:19
2021-04-13 18:28:22,6839987.0,6841249.0,2021-04-13 18:28:22
2021-04-13 18:28:25,6839236.0,6841249.0,2021-04-13 18:28:25
2021-04-13 18:28:28,6839098.0,6840810.0,2021-04-13 18:28:28
2021-04-13 18:28:31,6838907.0,6840880.0,2021-04-13 18:28:31
2021-04-13 18:28:34,6839122.0,6842296.0,2021-04-13 18:28:34
2021-04-13 18:28:37,6838910.0,6842285.0,2021-04-13 18:28:37
2021-04-13 18:28:40,6841135.0,6843621.0,2021-04-13 18:28:40
2021-04-13 18:28:43,6842590.0,6843805.0,2021-04-13 18:28:43
2021-04-13 18:28:46,6842590.0,6843621.0,2021-04-13 18:28:46
2021-04-13 18:28:49,6842059.0,6843681.0,2021-04-13 18:28:49
2021-04-13 18:28:52,6842501.0,6843749.0,2021-04-13 18:28:52
2021-04-13 18:28:56,6843363.0,6844985.0,2021-04-13 18:28:55
2021-04-13 18:28:59,6842138.0,6843749.0,2021-04-13 18:28:59
2021-04-13 18:29:02,6843312.0,6844830.0,2021-04-13 18:29:02
2021-04-13 18:29:05,6842971.0,6844999.0,2021-04-13 18:29:05
2021-04-13 18:29:08,6843542.0,6844999.0,2021-04-13 18:29:08
2021-04-13 18:29:11,6843552.0,6844999.0,2021-04-13 18:29:11
2021-04-13 18:29:14,6843432.0,6844999.0,2021-04-13 18:29:14
2021-04-13 18:29:17,6842501.0,6843153.0,2021-04-13 18:29:17
2021-04-13 18:29:20,6842567.0,6843152.0,2021-04-13 18:29:20
2021-04-13 18:29:23,6842501.0,6843152.0,2021-04-13 18:29:23
2021-04-13 18:29:26,6842567.0,6844367.0,2021-04-13 18:29:26
2021-04-13 18:29:29,6842501.0,6844366.0,2021-04-13 18:29:29
2021-04-13 18:29:32,6841756.0,6842500.0,2021-04-13 18:29:32
2021-04-13 18:29:35,6841251.0,6842500.0,2021-04-13 18:29:35
2021-04-13 18:29:38,6841712.0,6843393.0,2021-04-13 18:29:38
2021-04-13 18:29:41,6841724.0,6843035.0,2021-04-13 18:29:41
2021-04-13 18:29:44,6841429.0,6842893.0,2021-04-13 18:29:44
2021-04-13 18:29:48,6842501.0,6843595.0,2021-04-13 18:29:47
2021-04-13 18:29:51,6840285.0,6840795.0,2021-04-13 18:29:51
2021-04-13 18:29:54,6840001.0,6841760.0,2021-04-13 18:29:54
2021-04-13 18:29:57,6837188.0,6838960.0,2021-04-13 18:29:57
2021-04-13 18:30:00,6836555.0,6838203.0,2021-04-13 18:30:00
2021-04-13 18:30:03,6837395.0,6838959.0,2021-04-13 18:30:03
2021-04-13 18:30:06,6838317.0,6838894.0,2021-04-13 18:30:06
2021-04-13 18:30:09,6837537.0,6838749.0,2021-04-13 18:30:09
2021-04-13 18:30:12,6837544.0,6838749.0,2021-04-13 18:30:12
2021-04-13 18:30:15,6837230.0,6837599.0,2021-04-13 18:30:15
2021-04-13 18:30:18,6835249.0,6836830.0,2021-04-13 18:30:18
2021-04-13 18:30:21,6835321.0,6836830.0,2021-04-13 18:30:21
2021-04-13 18:30:25,6835196.0,6835307.0,2021-04-13 18:30:24
2021-04-13 18:30:28,6833751.0,6835053.0,2021-04-13 18:30:28
2021-04-13 18:30:31,6832502.0,6833149.0,2021-04-13 18:30:31
2021-04-13 18:30:34,6832501.0,6833143.0,2021-04-13 18:30:34
2021-04-13 18:30:37,6832501.0,6833077.0,2021-04-13 18:30:37
2021-04-13 18:30:40,6832501.0,6833557.0,2021-04-13 18:30:40
2021-04-13 18:30:43,6832714.0,6833675.0,2021-04-13 18:30:43
2021-04-13 18:30:46,6832495.0,6833413.0,2021-04-13 18:30:46
2021-04-13 18:30:49,6832495.0,6833675.0,2021-04-13 18:30:49
2021-04-13 18:30:53,6832571.0,6833498.0,2021-04-13 18:30:52
2021-04-13 18:30:56,6832495.0,6833253.0,2021-04-13 18:30:56
2021-04-13 18:30:59,6830001.0,6831400.0,2021-04-13 18:30:59
2021-04-13 18:31:02,6828752.0,6830234.0,2021-04-13 18:31:02
2021-04-13 18:31:05,6831855.0,6832496.0,2021-04-13 18:31:05
2021-04-13 18:31:08,6831783.0,6833108.0,2021-04-13 18:31:08
2021-04-13 18:31:12,6833156.0,6833749.0,2021-04-13 18:31:11
2021-04-13 18:31:15,6833884.0,6834999.0,2021-04-13 18:31:15
2021-04-13 18:31:18,6835567.0,6837054.0,2021-04-13 18:31:18
2021-04-13 18:31:21,6836819.0,6837499.0,2021-04-13 18:31:21
2021-04-13 18:31:24,6836855.0,6838749.0,2021-04-13 18:31:24
2021-04-13 18:31:27,6836855.0,6838559.0,2021-04-13 18:31:27
2021-04-13 18:31:30,6835574.0,6836251.0,2021-04-13 18:31:30
2021-04-13 18:31:33,6834042.0,6837671.0,2021-04-13 18:31:33
2021-04-13 18:31:36,6833751.0,6834874.0,2021-04-13 18:31:36
2021-04-13 18:31:39,6832707.0,6836162.0,2021-04-13 18:31:39
2021-04-13 18:31:42,6832516.0,6834331.0,2021-04-13 18:31:42
2021-04-13 18:31:46,6831970.0,6832597.0,2021-04-13 18:31:45
2021-04-13 18:31:49,6831291.0,6832597.0,2021-04-13 18:31:49
2021-04-13 18:31:52,6831414.0,6832512.0,2021-04-13 18:31:52
2021-04-13 18:31:55,6828825.0,6829932.0,2021-04-13 18:31:55
2021-04-13 18:31:58,6828751.0,6829513.0,2021-04-13 18:31:58
2021-04-13 18:32:01,6830577.0,6832315.0,2021-04-13 18:32:01
2021-04-13 18:32:04,6832273.0,6832499.0,2021-04-13 18:32:04
2021-04-13 18:32:07,6831259.0,6833636.0,2021-04-13 18:32:07
2021-04-13 18:32:10,6830001.0,6830698.0,2021-04-13 18:32:10
2021-04-13 18:32:13,6828825.0,6830000.0,2021-04-13 18:32:13
2021-04-13 18:32:16,6828825.0,6829882.0,2021-04-13 18:32:16
2021-04-13 18:32:19,6828825.0,6829955.0,2021-04-13 18:32:19
2021-04-13 18:32:22,6828825.0,6830000.0,2021-04-13 18:32:22
2021-04-13 18:32:25,6828951.0,6829895.0,2021-04-13 18:32:25
2021-04-13 18:32:28,6829074.0,6831249.0,2021-04-13 18:32:28
2021-04-13 18:32:31,6829840.0,6831249.0,2021-04-13 18:32:31
2021-04-13 18:32:34,6828220.0,6829761.0,2021-04-13 18:32:34
2021-04-13 18:32:38,6828200.0,6830000.0,2021-04-13 18:32:37
2021-04-13 18:32:41,6827501.0,6828421.0,2021-04-13 18:32:41
2021-04-13 18:32:44,6828203.0,6828366.0,2021-04-13 18:32:44
2021-04-13 18:32:47,6827501.0,6828130.0,2021-04-13 18:32:47
2021-04-13 18:32:50,6827501.0,6827705.0,2021-04-13 18:32:50
2021-04-13 18:32:53,6827756.0,6829781.0,2021-04-13 18:32:53
2021-04-13 18:32:56,6827501.0,6828251.0,2021-04-13 18:32:56
2021-04-13 18:32:59,6827533.0,6828259.0,2021-04-13 18:32:59
2021-04-13 18:33:02,6827501.0,6827662.0,2021-04-13 18:33:02
2021-04-13 18:33:05,6826251.0,6827166.0,2021-04-13 18:33:05
2021-04-13 18:33:08,6825265.0,6825275.0,2021-04-13 18:33:08
2021-04-13 18:33:12,6823752.0,6824625.0,2021-04-13 18:33:12
2021-04-13 18:33:15,6822287.0,6823745.0,2021-04-13 18:33:15
2021-04-13 18:33:18,6822452.0,6825291.0,2021-04-13 18:33:18
2021-04-13 18:33:21,6823286.0,6825592.0,2021-04-13 18:33:21
2021-04-13 18:33:24,6824232.0,6827112.0,2021-04-13 18:33:24
2021-04-13 18:33:27,6823058.0,6824103.0,2021-04-13 18:33:27
2021-04-13 18:33:30,6821734.0,6825626.0,2021-04-13 18:33:30
2021-04-13 18:33:33,6826933.0,6828508.0,2021-04-13 18:33:33
2021-04-13 18:33:37,6826933.0,6829190.0,2021-04-13 18:33:37
2021-04-13 18:33:40,6826620.0,6829394.0,2021-04-13 18:33:40
2021-04-13 18:33:43,6827884.0,6829384.0,2021-04-13 18:33:43
2021-04-13 18:33:46,6828329.0,6830651.0,2021-04-13 18:33:46
2021-04-13 18:33:49,6829262.0,6832067.0,2021-04-13 18:33:49
2021-04-13 18:33:52,6831528.0,6834539.0,2021-04-13 18:33:52
2021-04-13 18:33:55,6832693.0,6834600.0,2021-04-13 18:33:55
2021-04-13 18:33:58,6831565.0,6834479.0,2021-04-13 18:33:58
2021-04-13 18:34:01,6831567.0,6835166.0,2021-04-13 18:34:01
2021-04-13 18:34:04,6832501.0,6835156.0,2021-04-13 18:34:04
2021-04-13 18:34:07,6831567.0,6832824.0,2021-04-13 18:34:07
2021-04-13 18:34:10,6827919.0,6829131.0,2021-04-13 18:34:10
2021-04-13 18:34:13,6830176.0,6831443.0,2021-04-13 18:34:13
2021-04-13 18:34:16,6830521.0,6831560.0,2021-04-13 18:34:16
2021-04-13 18:34:19,6828571.0,6830570.0,2021-04-13 18:34:19
2021-04-13 18:34:22,6829331.0,6829999.0,2021-04-13 18:34:22
2021-04-13 18:34:26,6828040.0,6828525.0,2021-04-13 18:34:25
2021-04-13 18:34:29,6826406.0,6827074.0,2021-04-13 18:34:29
2021-04-13 18:34:32,6828116.0,6830862.0,2021-04-13 18:34:32
2021-04-13 18:34:35,6828546.0,6831249.0,2021-04-13 18:34:35
2021-04-13 18:34:38,6830661.0,6831249.0,2021-04-13 18:34:38
2021-04-13 18:34:41,6831019.0,6831560.0,2021-04-13 18:34:41
2021-04-13 18:34:44,6831011.0,6832499.0,2021-04-13 18:34:44
2021-04-13 18:34:47,6829820.0,6832230.0,2021-04-13 18:34:47
2021-04-13 18:34:50,6832097.0,6832517.0,2021-04-13 18:34:50
2021-04-13 18:34:53,6831940.0,6833749.0,2021-04-13 18:34:53
2021-04-13 18:34:56,6833700.0,6833744.0,2021-04-13 18:34:56
2021-04-13 18:34:59,6836029.0,6836046.0,2021-04-13 18:34:59
2021-04-13 18:35:02,6834476.0,6836249.0,2021-04-13 18:35:02
2021-04-13 18:35:05,6834493.0,6835981.0,2021-04-13 18:35:05
2021-04-13 18:35:08,6836331.0,6837999.0,2021-04-13 18:35:08
2021-04-13 18:35:11,6836602.0,6838000.0,2021-04-13 18:35:11
2021-04-13 18:35:15,6838246.0,6838959.0,2021-04-13 18:35:14
2021-04-13 18:35:18,6838479.0,6838910.0,2021-04-13 18:35:18
2021-04-13 18:35:21,6835478.0,6837086.0,2021-04-13 18:35:21
2021-04-13 18:35:24,6836173.0,6839651.0,2021-04-13 18:35:24
2021-04-13 18:35:27,6837625.0,6839585.0,2021-04-13 18:35:27
2021-04-13 18:35:30,6836918.0,6838749.0,2021-04-13 18:35:30
2021-04-13 18:35:33,6836936.0,6839650.0,2021-04-13 18:35:33
2021-04-13 18:35:36,6836949.0,6839650.0,2021-04-13 18:35:36
2021-04-13 18:35:39,6837501.0,6840716.0,2021-04-13 18:35:39
2021-04-13 18:35:42,6839488.0,6841011.0,2021-04-13 18:35:42
2021-04-13 18:35:45,6839488.0,6841072.0,2021-04-13 18:35:45
2021-04-13 18:35:48,6838576.0,6842918.0,2021-04-13 18:35:48
2021-04-13 18:35:51,6838462.0,6842087.0,2021-04-13 18:35:51
2021-04-13 18:35:54,6838470.0,6839705.0,2021-04-13 18:35:54
2021-04-13 18:35:57,6838515.0,6839695.0,2021-04-13 18:35:57
2021-04-13 18:36:00,6837786.0,6839000.0,2021-04-13 18:36:00
2021-04-13 18:36:04,6837069.0,6838990.0,2021-04-13 18:36:03
2021-04-13 18:36:07,6835789.0,6839000.0,2021-04-13 18:36:07
2021-04-13 18:36:10,6834074.0,6835667.0,2021-04-13 18:36:10
2021-04-13 18:36:13,6834430.0,6835916.0,2021-04-13 18:36:13
2021-04-13 18:36:16,6837066.0,6839143.0,2021-04-13 18:36:16
2021-04-13 18:36:19,6837017.0,6839143.0,2021-04-13 18:36:19
2021-04-13 18:36:22,6835080.0,6835667.0,2021-04-13 18:36:22
2021-04-13 18:36:25,6835001.0,6835353.0,2021-04-13 18:36:25
2021-04-13 18:36:28,6832196.0,6833593.0,2021-04-13 18:36:28
2021-04-13 18:36:31,6833497.0,6834501.0,2021-04-13 18:36:31
2021-04-13 18:36:34,6838478.0,6839132.0,2021-04-13 18:36:34
2021-04-13 18:36:37,6837233.0,6839126.0,2021-04-13 18:36:37
2021-04-13 18:36:40,6836577.0,6839499.0,2021-04-13 18:36:40
2021-04-13 18:36:43,6836311.0,6838707.0,2021-04-13 18:36:43
2021-04-13 18:36:46,6836428.0,6838701.0,2021-04-13 18:36:46
2021-04-13 18:36:49,6837501.0,6838466.0,2021-04-13 18:36:49
2021-04-13 18:36:53,6836372.0,6837301.0,2021-04-13 18:36:52
2021-04-13 18:36:56,6835661.0,6838191.0,2021-04-13 18:36:56
2021-04-13 18:36:59,6835001.0,6837499.0,2021-04-13 18:36:59
2021-04-13 18:37:02,6835001.0,6837247.0,2021-04-13 18:37:02
2021-04-13 18:37:05,6834420.0,6835545.0,2021-04-13 18:37:05
2021-04-13 18:37:08,6833507.0,6833661.0,2021-04-13 18:37:08
2021-04-13 18:37:11,6832501.0,6833560.0,2021-04-13 18:37:11
2021-04-13 18:37:14,6832501.0,6833336.0,2021-04-13 18:37:14
2021-04-13 18:37:17,6833308.0,6833700.0,2021-04-13 18:37:17
2021-04-13 18:37:20,6836417.0,6837390.0,2021-04-13 18:37:20
2021-04-13 18:37:23,6835770.0,6837499.0,2021-04-13 18:37:23
2021-04-13 18:37:26,6834116.0,6836432.0,2021-04-13 18:37:26
2021-04-13 18:37:29,6835001.0,6837052.0,2021-04-13 18:37:29
2021-04-13 18:37:32,6838885.0,6839857.0,2021-04-13 18:37:32
2021-04-13 18:37:35,6837849.0,6839999.0,2021-04-13 18:37:35
2021-04-13 18:37:38,6835702.0,6837785.0,2021-04-13 18:37:38
2021-04-13 18:37:41,6836325.0,6837638.0,2021-04-13 18:37:41
2021-04-13 18:37:45,6836853.0,6837785.0,2021-04-13 18:37:44
2021-04-13 18:37:48,6837324.0,6837785.0,2021-04-13 18:37:48
2021-04-13 18:37:51,6837563.0,6837785.0,2021-04-13 18:37:51
2021-04-13 18:37:54,6840119.0,6840593.0,2021-04-13 18:37:54
2021-04-13 18:37:57,6840100.0,6841450.0,2021-04-13 18:37:57
2021-04-13 18:38:00,6840340.0,6841600.0,2021-04-13 18:38:00
2021-04-13 18:38:03,6840346.0,6841600.0,2021-04-13 18:38:03
2021-04-13 18:38:06,6840403.0,6841539.0,2021-04-13 18:38:06
2021-04-13 18:38:09,6840403.0,6841600.0,2021-04-13 18:38:09
2021-04-13 18:38:12,6843282.0,6843749.0,2021-04-13 18:38:12
2021-04-13 18:38:15,6843285.0,6844724.0,2021-04-13 18:38:15
2021-04-13 18:38:18,6843804.0,6845290.0,2021-04-13 18:38:18
2021-04-13 18:38:21,6843814.0,6845569.0,2021-04-13 18:38:21
2021-04-13 18:38:24,6844603.0,6845450.0,2021-04-13 18:38:24
2021-04-13 18:38:27,6844479.0,6845554.0,2021-04-13 18:38:27
2021-04-13 18:38:30,6844479.0,6845728.0,2021-04-13 18:38:30
2021-04-13 18:38:33,6843976.0,6844145.0,2021-04-13 18:38:33
2021-04-13 18:38:36,6844068.0,6845630.0,2021-04-13 18:38:36
2021-04-13 18:38:40,6843601.0,6846248.0,2021-04-13 18:38:39
2021-04-13 18:38:43,6844345.0,6846249.0,2021-04-13 18:38:43
2021-04-13 18:38:46,6843800.0,6846249.0,2021-04-13 18:38:46
2021-04-13 18:38:49,6843751.0,6844535.0,2021-04-13 18:38:49
2021-04-13 18:38:52,6843582.0,6844435.0,2021-04-13 18:38:52
2021-04-13 18:38:55,6844012.0,6845543.0,2021-04-13 18:38:55
2021-04-13 18:38:58,6845135.0,6845245.0,2021-04-13 18:38:58
2021-04-13 18:39:01,6844012.0,6845485.0,2021-04-13 18:39:01
2021-04-13 18:39:04,6839743.0,6840340.0,2021-04-13 18:39:04
2021-04-13 18:39:07,6841799.0,6841925.0,2021-04-13 18:39:07
2021-04-13 18:39:10,6841570.0,6842962.0,2021-04-13 18:39:10
2021-04-13 18:39:13,6839101.0,6840648.0,2021-04-13 18:39:13
2021-04-13 18:39:16,6838752.0,6840314.0,2021-04-13 18:39:16
2021-04-13 18:39:19,6837501.0,6839356.0,2021-04-13 18:39:19
2021-04-13 18:39:22,6837501.0,6839825.0,2021-04-13 18:39:22
2021-04-13 18:39:25,6837501.0,6839292.0,2021-04-13 18:39:25
2021-04-13 18:39:29,6837501.0,6839492.0,2021-04-13 18:39:28
2021-04-13 18:39:32,6840615.0,6842499.0,2021-04-13 18:39:32
2021-04-13 18:39:35,6840625.0,6842311.0,2021-04-13 18:39:35
2021-04-13 18:39:38,6841346.0,6842499.0,2021-04-13 18:39:38
2021-04-13 18:39:41,6843821.0,6844999.0,2021-04-13 18:39:41
2021-04-13 18:39:44,6843154.0,6844999.0,2021-04-13 18:39:44
2021-04-13 18:39:47,6843919.0,6846654.0,2021-04-13 18:39:47
2021-04-13 18:39:50,6843922.0,6847158.0,2021-04-13 18:39:50
2021-04-13 18:39:53,6845675.0,6846971.0,2021-04-13 18:39:53
2021-04-13 18:39:56,6845803.0,6847001.0,2021-04-13 18:39:56
2021-04-13 18:39:59,6844938.0,6847499.0,2021-04-13 18:39:59
2021-04-13 18:40:02,6844288.0,6846861.0,2021-04-13 18:40:02
2021-04-13 18:40:05,6845815.0,6848629.0,2021-04-13 18:40:05
2021-04-13 18:40:08,6846722.0,6848961.0,2021-04-13 18:40:08
2021-04-13 18:40:11,6849185.0,6849999.0,2021-04-13 18:40:11
2021-04-13 18:40:14,6847473.0,6849999.0,2021-04-13 18:40:14
2021-04-13 18:40:17,6848500.0,6849999.0,2021-04-13 18:40:17
2021-04-13 18:40:21,6848751.0,6849269.0,2021-04-13 18:40:20
2021-04-13 18:40:24,6848751.0,6849874.0,2021-04-13 18:40:24
2021-04-13 18:40:27,6848751.0,6849759.0,2021-04-13 18:40:27
2021-04-13 18:40:30,6846284.0,6847684.0,2021-04-13 18:40:30
2021-04-13 18:40:33,6845500.0,6846239.0,2021-04-13 18:40:33
2021-04-13 18:40:36,6844938.0,6846238.0,2021-04-13 18:40:36
2021-04-13 18:40:39,6843600.0,6843780.0,2021-04-13 18:40:39
2021-04-13 18:40:42,6842511.0,6843971.0,2021-04-13 18:40:42
2021-04-13 18:40:45,6842511.0,6844336.0,2021-04-13 18:40:45
2021-04-13 18:40:48,6844591.0,6846238.0,2021-04-13 18:40:48
2021-04-13 18:40:51,6844606.0,6846238.0,2021-04-13 18:40:51
2021-04-13 18:40:54,6845227.0,6846238.0,2021-04-13 18:40:54
2021-04-13 18:40:57,6849144.0,6849802.0,2021-04-13 18:40:57
2021-04-13 18:41:00,6847736.0,6849808.0,2021-04-13 18:41:00
2021-04-13 18:41:03,6849955.0,6850000.0,2021-04-13 18:41:03
2021-04-13 18:41:06,6847462.0,6848815.0,2021-04-13 18:41:06
2021-04-13 18:41:09,6848786.0,6850000.0,2021-04-13 18:41:09
2021-04-13 18:41:12,6848870.0,6850000.0,2021-04-13 18:41:12
2021-04-13 18:41:16,6848050.0,6851176.0,2021-04-13 18:41:16
2021-04-13 18:41:19,6848909.0,6850940.0,2021-04-13 18:41:19
2021-04-13 18:41:22,6848062.0,6851168.0,2021-04-13 18:41:22
2021-04-13 18:41:25,6847646.0,6850305.0,2021-04-13 18:41:25
2021-04-13 18:41:28,6848751.0,6849642.0,2021-04-13 18:41:28
2021-04-13 18:41:31,6847501.0,6847600.0,2021-04-13 18:41:31
2021-04-13 18:41:34,6846468.0,6847251.0,2021-04-13 18:41:34
2021-04-13 18:41:37,6846685.0,6849642.0,2021-04-13 18:41:37
2021-04-13 18:41:40,6849762.0,6849999.0,2021-04-13 18:41:40
2021-04-13 18:41:43,6847868.0,6848749.0,2021-04-13 18:41:43
2021-04-13 18:41:46,6848851.0,6851249.0,2021-04-13 18:41:46
2021-04-13 18:41:49,6848257.0,6851249.0,2021-04-13 18:41:49
2021-04-13 18:41:52,6848751.0,6851248.0,2021-04-13 18:41:52
2021-04-13 18:41:55,6848751.0,6851249.0,2021-04-13 18:41:55
2021-04-13 18:41:58,6848734.0,6851249.0,2021-04-13 18:41:58
2021-04-13 18:42:01,6848733.0,6849999.0,2021-04-13 18:42:01
2021-04-13 18:42:05,6848737.0,6849862.0,2021-04-13 18:42:04
2021-04-13 18:42:08,6848734.0,6849989.0,2021-04-13 18:42:08
2021-04-13 18:42:11,6848736.0,6849989.0,2021-04-13 18:42:11
2021-04-13 18:42:14,6848869.0,6852121.0,2021-04-13 18:42:14
2021-04-13 18:42:17,6849372.0,6852121.0,2021-04-13 18:42:17
2021-04-13 18:42:20,6849374.0,6852121.0,2021-04-13 18:42:20
2021-04-13 18:42:23,6849157.0,6852451.0,2021-04-13 18:42:23
2021-04-13 18:42:26,6849372.0,6851249.0,2021-04-13 18:42:26
2021-04-13 18:42:29,6848575.0,6851026.0,2021-04-13 18:42:29
2021-04-13 18:42:32,6847501.0,6848477.0,2021-04-13 18:42:32
2021-04-13 18:42:35,6847501.0,6848477.0,2021-04-13 18:42:35
2021-04-13 18:42:38,6846014.0,6846477.0,2021-04-13 18:42:38
2021-04-13 18:42:41,6846000.0,6846989.0,2021-04-13 18:42:41
2021-04-13 18:42:44,6849188.0,6849197.0,2021-04-13 18:42:44
2021-04-13 18:42:47,6848025.0,6850900.0,2021-04-13 18:42:47
2021-04-13 18:42:50,6848035.0,6850900.0,2021-04-13 18:42:50
2021-04-13 18:42:54,6848751.0,6851121.0,2021-04-13 18:42:53
2021-04-13 18:42:57,6849015.0,6851121.0,2021-04-13 18:42:57
2021-04-13 18:43:00,6849697.0,6852990.0,2021-04-13 18:43:00
2021-04-13 18:43:03,6850319.0,6853271.0,2021-04-13 18:43:03
2021-04-13 18:43:06,6850589.0,6850630.0,2021-04-13 18:43:06
2021-04-13 18:43:09,6851545.0,6852461.0,2021-04-13 18:43:09
2021-04-13 18:43:12,6847501.0,6849178.0,2021-04-13 18:43:12
2021-04-13 18:43:15,6846926.0,6849168.0,2021-04-13 18:43:15
2021-04-13 18:43:18,6847160.0,6849129.0,2021-04-13 18:43:18
2021-04-13 18:43:21,6846320.0,6848367.0,2021-04-13 18:43:21
2021-04-13 18:43:24,6848946.0,6850505.0,2021-04-13 18:43:24
2021-04-13 18:43:27,6848946.0,6850505.0,2021-04-13 18:43:27
2021-04-13 18:43:30,6849030.0,6850298.0,2021-04-13 18:43:30
2021-04-13 18:43:33,6850032.0,6851011.0,2021-04-13 18:43:33
2021-04-13 18:43:36,6850001.0,6851065.0,2021-04-13 18:43:36
2021-04-13 18:43:40,6846443.0,6848741.0,2021-04-13 18:43:39
2021-04-13 18:43:43,6846443.0,6848731.0,2021-04-13 18:43:43
2021-04-13 18:43:46,6849826.0,6849999.0,2021-04-13 18:43:46
2021-04-13 18:43:49,6848458.0,6850001.0,2021-04-13 18:43:49
2021-04-13 18:43:52,6848489.0,6850001.0,2021-04-13 18:43:52
2021-04-13 18:43:55,6849061.0,6849906.0,2021-04-13 18:43:55
2021-04-13 18:43:58,6847569.0,6849810.0,2021-04-13 18:43:58
2021-04-13 18:44:01,6847251.0,6849810.0,2021-04-13 18:44:01
2021-04-13 18:44:04,6847197.0,6849817.0,2021-04-13 18:44:04
2021-04-13 18:44:07,6847207.0,6848749.0,2021-04-13 18:44:07
2021-04-13 18:44:10,6846638.0,6849277.0,2021-04-13 18:44:10
2021-04-13 18:44:13,6846908.0,6849267.0,2021-04-13 18:44:13
2021-04-13 18:44:16,6846604.0,6849247.0,2021-04-13 18:44:16
2021-04-13 18:44:19,6846615.0,6848749.0,2021-04-13 18:44:19
2021-04-13 18:44:22,6846057.0,6848116.0,2021-04-13 18:44:22
2021-04-13 18:44:25,6846000.0,6848467.0,2021-04-13 18:44:25
2021-04-13 18:44:29,6844381.0,6844824.0,2021-04-13 18:44:28
2021-04-13 18:44:32,6843298.0,6844814.0,2021-04-13 18:44:32
2021-04-13 18:44:35,6843055.0,6844641.0,2021-04-13 18:44:35
2021-04-13 18:44:38,6843055.0,6844644.0,2021-04-13 18:44:38
2021-04-13 18:44:41,6843160.0,6844781.0,2021-04-13 18:44:41
2021-04-13 18:44:44,6843160.0,6844781.0,2021-04-13 18:44:44
2021-04-13 18:44:47,6843160.0,6844659.0,2021-04-13 18:44:47
2021-04-13 18:44:50,6843160.0,6844649.0,2021-04-13 18:44:50
2021-04-13 18:44:54,6843751.0,6844659.0,2021-04-13 18:44:53
2021-04-13 18:44:57,6844659.0,6846060.0,2021-04-13 18:44:57
2021-04-13 18:45:00,6844659.0,6846144.0,2021-04-13 18:45:00
2021-04-13 18:45:03,6844659.0,6846144.0,2021-04-13 18:45:03
2021-04-13 18:45:06,6844659.0,6846144.0,2021-04-13 18:45:06
2021-04-13 18:45:09,6847840.0,6847843.0,2021-04-13 18:45:09
2021-04-13 18:45:12,6847631.0,6849998.0,2021-04-13 18:45:12
2021-04-13 18:45:15,6849563.0,6851249.0,2021-04-13 18:45:15
2021-04-13 18:45:19,6852433.0,6854632.0,2021-04-13 18:45:18
2021-04-13 18:45:22,6852672.0,6854999.0,2021-04-13 18:45:22
2021-04-13 18:45:25,6852920.0,6855885.0,2021-04-13 18:45:25
2021-04-13 18:45:28,6853459.0,6855726.0,2021-04-13 18:45:28
2021-04-13 18:45:31,6853465.0,6855499.0,2021-04-13 18:45:31
2021-04-13 18:45:34,6853710.0,6853721.0,2021-04-13 18:45:34
2021-04-13 18:45:37,6853722.0,6855805.0,2021-04-13 18:45:37
2021-04-13 18:45:40,6853883.0,6854999.0,2021-04-13 18:45:40
2021-04-13 18:45:43,6853884.0,6854999.0,2021-04-13 18:45:43
2021-04-13 18:45:46,6857848.0,6857886.0,2021-04-13 18:45:46
2021-04-13 18:45:49,6857848.0,6858626.0,2021-04-13 18:45:49
2021-04-13 18:45:52,6855913.0,6855948.0,2021-04-13 18:45:52
2021-04-13 18:45:55,6856504.0,6859660.0,2021-04-13 18:45:55
2021-04-13 18:45:58,6855461.0,6857885.0,2021-04-13 18:45:58
2021-04-13 18:46:01,6857050.0,6857854.0,2021-04-13 18:46:01
2021-04-13 18:46:05,6857401.0,6859560.0,2021-04-13 18:46:04
2021-04-13 18:46:08,6861201.0,6861247.0,2021-04-13 18:46:08
2021-04-13 18:46:11,6861448.0,6862906.0,2021-04-13 18:46:11
2021-04-13 18:46:14,6860269.0,6863749.0,2021-04-13 18:46:14
2021-04-13 18:46:17,6863748.0,6866390.0,2021-04-13 18:46:17
2021-04-13 18:46:20,6866884.0,6868395.0,2021-04-13 18:46:20
2021-04-13 18:46:23,6866891.0,6868749.0,2021-04-13 18:46:23
2021-04-13 18:46:26,6868920.0,6870069.0,2021-04-13 18:46:26
2021-04-13 18:46:29,6866807.0,6868673.0,2021-04-13 18:46:29
2021-04-13 18:46:32,6868932.0,6871242.0,2021-04-13 18:46:32
2021-04-13 18:46:35,6868942.0,6871249.0,2021-04-13 18:46:35
2021-04-13 18:46:38,6868920.0,6871249.0,2021-04-13 18:46:38
2021-04-13 18:46:41,6868751.0,6871249.0,2021-04-13 18:46:41
2021-04-13 18:46:44,6868729.0,6871234.0,2021-04-13 18:46:44
2021-04-13 18:46:47,6868962.0,6871224.0,2021-04-13 18:46:47
2021-04-13 18:46:50,6869570.0,6869956.0,2021-04-13 18:46:50
2021-04-13 18:46:54,6866251.0,6866997.0,2021-04-13 18:46:53
2021-04-13 18:46:57,6865557.0,6868004.0,2021-04-13 18:46:57
2021-04-13 18:47:00,6865811.0,6868003.0,2021-04-13 18:47:00
2021-04-13 18:47:03,6865767.0,6866996.0,2021-04-13 18:47:03
2021-04-13 18:47:06,6863016.0,6865647.0,2021-04-13 18:47:06
2021-04-13 18:47:09,6863452.0,6865638.0,2021-04-13 18:47:09
2021-04-13 18:47:12,6866840.0,6866996.0,2021-04-13 18:47:12
2021-04-13 18:47:15,6869068.0,6869999.0,2021-04-13 18:47:15
2021-04-13 18:47:18,6869084.0,6871697.0,2021-04-13 18:47:18
2021-04-13 18:47:21,6869183.0,6871762.0,2021-04-13 18:47:21
2021-04-13 18:47:24,6868916.0,6869169.0,2021-04-13 18:47:24
2021-04-13 18:47:27,6867824.0,6871257.0,2021-04-13 18:47:27
2021-04-13 18:47:30,6870122.0,6871200.0,2021-04-13 18:47:30
2021-04-13 18:47:33,6868197.0,6869909.0,2021-04-13 18:47:33
2021-04-13 18:47:36,6868197.0,6869909.0,2021-04-13 18:47:36
2021-04-13 18:47:39,6870404.0,6871249.0,2021-04-13 18:47:39
2021-04-13 18:47:42,6871250.0,6872000.0,2021-04-13 18:47:42
2021-04-13 18:47:45,6868875.0,6870315.0,2021-04-13 18:47:45
2021-04-13 18:47:49,6870001.0,6871974.0,2021-04-13 18:47:48
2021-04-13 18:47:52,6869165.0,6871262.0,2021-04-13 18:47:52
2021-04-13 18:47:55,6868751.0,6870775.0,2021-04-13 18:47:55
2021-04-13 18:47:58,6869265.0,6870757.0,2021-04-13 18:47:58
2021-04-13 18:48:01,6869275.0,6870563.0,2021-04-13 18:48:01
2021-04-13 18:48:04,6870719.0,6872498.0,2021-04-13 18:48:04
2021-04-13 18:48:07,6870732.0,6875102.0,2021-04-13 18:48:07
2021-04-13 18:48:10,6877925.0,6878256.0,2021-04-13 18:48:10
2021-04-13 18:48:13,6878429.0,6879883.0,2021-04-13 18:48:13
2021-04-13 18:48:16,6880981.0,6882499.0,2021-04-13 18:48:16
2021-04-13 18:48:19,6884826.0,6885936.0,2021-04-13 18:48:19
2021-04-13 18:48:22,6885945.0,6889973.0,2021-04-13 18:48:22
2021-04-13 18:48:25,6895114.0,6898393.0,2021-04-13 18:48:25
2021-04-13 18:48:28,6894001.0,6895466.0,2021-04-13 18:48:28
2021-04-13 18:48:31,6896918.0,6898394.0,2021-04-13 18:48:31
2021-04-13 18:48:34,6893670.0,6895283.0,2021-04-13 18:48:34
2021-04-13 18:48:37,6886320.0,6887822.0,2021-04-13 18:48:37
2021-04-13 18:48:41,6882529.0,6883205.0,2021-04-13 18:48:40
2021-04-13 18:48:44,6891103.0,6892443.0,2021-04-13 18:48:44
2021-04-13 18:48:47,6895001.0,6896549.0,2021-04-13 18:48:47
2021-04-13 18:48:50,6898750.0,6901748.0,2021-04-13 18:48:50
2021-04-13 18:48:53,6897807.0,6901218.0,2021-04-13 18:48:53
2021-04-13 18:48:56,6897321.0,6900985.0,2021-04-13 18:48:56
2021-04-13 18:48:59,6898336.0,6900974.0,2021-04-13 18:48:59
2021-04-13 18:49:02,6900990.0,6902200.0,2021-04-13 18:49:02
2021-04-13 18:49:05,6899106.0,6901249.0,2021-04-13 18:49:05
2021-04-13 18:49:08,6896802.0,6898746.0,2021-04-13 18:49:08
2021-04-13 18:49:11,6896251.0,6896503.0,2021-04-13 18:49:11
2021-04-13 18:49:14,6895853.0,6899389.0,2021-04-13 18:49:14
2021-04-13 18:49:17,6894593.0,6899233.0,2021-04-13 18:49:17
2021-04-13 18:49:20,6898602.0,6899231.0,2021-04-13 18:49:20
2021-04-13 18:49:23,6896697.0,6900459.0,2021-04-13 18:49:23
2021-04-13 18:49:27,6897975.0,6900441.0,2021-04-13 18:49:26
2021-04-13 18:49:30,6895452.0,6896645.0,2021-04-13 18:49:30
2021-04-13 18:49:33,6892178.0,6894382.0,2021-04-13 18:49:33
2021-04-13 18:49:36,6894700.0,6897820.0,2021-04-13 18:49:36
2021-04-13 18:49:39,6896267.0,6897974.0,2021-04-13 18:49:39
2021-04-13 18:49:42,6898964.0,6900250.0,2021-04-13 18:49:42
2021-04-13 18:49:46,6896436.0,6899489.0,2021-04-13 18:49:46
2021-04-13 18:49:49,6895860.0,6896658.0,2021-04-13 18:49:49
2021-04-13 18:49:52,6894465.0,6895856.0,2021-04-13 18:49:52
2021-04-13 18:49:55,6892875.0,6895720.0,2021-04-13 18:49:55
2021-04-13 18:49:58,6895001.0,6895497.0,2021-04-13 18:49:58
2021-04-13 18:50:01,6895396.0,6897499.0,2021-04-13 18:50:01
2021-04-13 18:50:04,6896792.0,6897995.0,2021-04-13 18:50:04
2021-04-13 18:50:07,6897091.0,6899509.0,2021-04-13 18:50:07
2021-04-13 18:50:10,6897309.0,6899260.0,2021-04-13 18:50:10
2021-04-13 18:50:13,6898468.0,6902496.0,2021-04-13 18:50:13
2021-04-13 18:50:16,6901238.0,6902499.0,2021-04-13 18:50:16
2021-04-13 18:50:19,6901266.0,6902499.0,2021-04-13 18:50:19
2021-04-13 18:50:23,6900893.0,6902499.0,2021-04-13 18:50:22
2021-04-13 18:50:26,6902474.0,6902499.0,2021-04-13 18:50:26
2021-04-13 18:50:29,6903701.0,6906615.0,2021-04-13 18:50:29
2021-04-13 18:50:32,6903705.0,6906295.0,2021-04-13 18:50:32
2021-04-13 18:50:35,6901170.0,6904011.0,2021-04-13 18:50:35
2021-04-13 18:50:38,6900827.0,6903578.0,2021-04-13 18:50:38
2021-04-13 18:50:41,6904538.0,6906590.0,2021-04-13 18:50:41
2021-04-13 18:50:44,6905262.0,6906376.0,2021-04-13 18:50:44
2021-04-13 18:50:47,6902309.0,6903914.0,2021-04-13 18:50:47
2021-04-13 18:50:50,6901911.0,6904821.0,2021-04-13 18:50:50
2021-04-13 18:50:53,6903751.0,6904556.0,2021-04-13 18:50:53
2021-04-13 18:50:56,6903890.0,6904678.0,2021-04-13 18:50:56
2021-04-13 18:50:59,6899284.0,6899998.0,2021-04-13 18:50:59
2021-04-13 18:51:03,6899315.0,6900673.0,2021-04-13 18:51:03
2021-04-13 18:51:06,6905610.0,6906249.0,2021-04-13 18:51:06
2021-04-13 18:51:09,6907070.0,6907310.0,2021-04-13 18:51:09
2021-04-13 18:51:12,6905071.0,6906902.0,2021-04-13 18:51:12
2021-04-13 18:51:16,6904587.0,6906676.0,2021-04-13 18:51:15
2021-04-13 18:51:19,6903911.0,6906855.0,2021-04-13 18:51:19
2021-04-13 18:51:22,6908106.0,6908749.0,2021-04-13 18:51:22
2021-04-13 18:51:25,6908884.0,6910000.0,2021-04-13 18:51:25
2021-04-13 18:51:28,6908883.0,6910000.0,2021-04-13 18:51:28
2021-04-13 18:51:31,6910709.0,6911249.0,2021-04-13 18:51:31
2021-04-13 18:51:34,6910709.0,6911249.0,2021-04-13 18:51:34
2021-04-13 18:51:37,6912639.0,6913521.0,2021-04-13 18:51:37
2021-04-13 18:51:40,6912652.0,6915120.0,2021-04-13 18:51:40
2021-04-13 18:51:43,6915024.0,6917430.0,2021-04-13 18:51:43
2021-04-13 18:51:46,6916714.0,6918417.0,2021-04-13 18:51:46
2021-04-13 18:51:49,6912910.0,6915500.0,2021-04-13 18:51:49
2021-04-13 18:51:52,6912501.0,6914965.0,2021-04-13 18:51:52
2021-04-13 18:51:55,6916270.0,6919472.0,2021-04-13 18:51:55
2021-04-13 18:51:58,6916409.0,6917499.0,2021-04-13 18:51:58
2021-04-13 18:52:01,6910003.0,6912994.0,2021-04-13 18:52:01
2021-04-13 18:52:05,6908314.0,6910982.0,2021-04-13 18:52:04
2021-04-13 18:52:08,6905001.0,6905021.0,2021-04-13 18:52:08
2021-04-13 18:52:11,6905030.0,6905521.0,2021-04-13 18:52:11
2021-04-13 18:52:14,6910867.0,6911595.0,2021-04-13 18:52:14
2021-04-13 18:52:18,6911257.0,6912818.0,2021-04-13 18:52:18
2021-04-13 18:52:21,6912266.0,6914763.0,2021-04-13 18:52:21
2021-04-13 18:52:24,6912266.0,6914723.0,2021-04-13 18:52:24
2021-04-13 18:52:27,6909912.0,6910979.0,2021-04-13 18:52:27
2021-04-13 18:52:30,6908751.0,6910819.0,2021-04-13 18:52:30
2021-04-13 18:52:33,6908814.0,6911844.0,2021-04-13 18:52:33
2021-04-13 18:52:36,6908824.0,6911249.0,2021-04-13 18:52:36
2021-04-13 18:52:39,6909518.0,6910993.0,2021-04-13 18:52:39
2021-04-13 18:52:42,6909518.0,6909600.0,2021-04-13 18:52:42
2021-04-13 18:52:45,6910721.0,6911896.0,2021-04-13 18:52:45
2021-04-13 18:52:48,6909150.0,6909599.0,2021-04-13 18:52:48
2021-04-13 18:52:51,6908974.0,6910772.0,2021-04-13 18:52:51
2021-04-13 18:52:54,6908020.0,6908023.0,2021-04-13 18:52:54
2021-04-13 18:52:58,6906264.0,6908328.0,2021-04-13 18:52:58
2021-04-13 18:53:01,6906336.0,6908315.0,2021-04-13 18:53:01
2021-04-13 18:53:04,6905896.0,6908061.0,2021-04-13 18:53:04
2021-04-13 18:53:07,6904242.0,6905367.0,2021-04-13 18:53:07
2021-04-13 18:53:10,6902501.0,6904477.0,2021-04-13 18:53:10
2021-04-13 18:53:13,6903008.0,6906086.0,2021-04-13 18:53:13
2021-04-13 18:53:16,6903499.0,6905569.0,2021-04-13 18:53:16
2021-04-13 18:53:19,6901739.0,6902953.0,2021-04-13 18:53:19
2021-04-13 18:53:22,6900481.0,6902376.0,2021-04-13 18:53:22
2021-04-13 18:53:26,6897540.0,6897723.0,2021-04-13 18:53:25
2021-04-13 18:53:29,6899718.0,6901377.0,2021-04-13 18:53:29
2021-04-13 18:53:32,6900115.0,6900602.0,2021-04-13 18:53:32
2021-04-13 18:53:35,6898123.0,6901180.0,2021-04-13 18:53:35
2021-04-13 18:53:38,6896665.0,6897291.0,2021-04-13 18:53:38
2021-04-13 18:53:41,6899119.0,6899833.0,2021-04-13 18:53:41
2021-04-13 18:53:44,6898751.0,6901536.0,2021-04-13 18:53:44
2021-04-13 18:53:47,6901674.0,6903005.0,2021-04-13 18:53:47
2021-04-13 18:53:51,6902104.0,6905010.0,2021-04-13 18:53:51
2021-04-13 18:53:54,6901856.0,6905010.0,2021-04-13 18:53:54
2021-04-13 18:53:57,6905132.0,6907238.0,2021-04-13 18:53:57
2021-04-13 18:54:00,6903054.0,6906763.0,2021-04-13 18:54:00
2021-04-13 18:54:03,6901910.0,6906209.0,2021-04-13 18:54:03
2021-04-13 18:54:06,6903255.0,6904648.0,2021-04-13 18:54:06
2021-04-13 18:54:09,6906485.0,6908321.0,2021-04-13 18:54:09
2021-04-13 18:54:12,6909470.0,6910465.0,2021-04-13 18:54:12
2021-04-13 18:54:15,6906111.0,6907259.0,2021-04-13 18:54:15
2021-04-13 18:54:18,6903504.0,6907249.0,2021-04-13 18:54:18
2021-04-13 18:54:21,6908389.0,6909366.0,2021-04-13 18:54:21
2021-04-13 18:54:24,6907592.0,6909366.0,2021-04-13 18:54:24
2021-04-13 18:54:27,6906620.0,6908811.0,2021-04-13 18:54:27
2021-04-13 18:54:30,6904337.0,6907993.0,2021-04-13 18:54:30
2021-04-13 18:54:33,6905139.0,6908746.0,2021-04-13 18:54:33
2021-04-13 18:54:36,6907143.0,6909470.0,2021-04-13 18:54:36
2021-04-13 18:54:39,6909174.0,6909440.0,2021-04-13 18:54:39
2021-04-13 18:54:42,6907740.0,6909238.0,2021-04-13 18:54:42
2021-04-13 18:54:45,6907740.0,6909470.0,2021-04-13 18:54:45
2021-04-13 18:54:49,6907922.0,6909545.0,2021-04-13 18:54:48
2021-04-13 18:54:52,6905668.0,6909140.0,2021-04-13 18:54:52
2021-04-13 18:54:55,6903751.0,6905174.0,2021-04-13 18:54:55
2021-04-13 18:54:58,6903879.0,6905028.0,2021-04-13 18:54:58
2021-04-13 18:55:01,6903752.0,6904122.0,2021-04-13 18:55:01
2021-04-13 18:55:04,6905331.0,6908471.0,2021-04-13 18:55:04
2021-04-13 18:55:07,6904850.0,6905338.0,2021-04-13 18:55:07
2021-04-13 18:55:10,6903041.0,6905364.0,2021-04-13 18:55:10
2021-04-13 18:55:13,6902501.0,6903042.0,2021-04-13 18:55:13
2021-04-13 18:55:16,6902345.0,6903041.0,2021-04-13 18:55:16
2021-04-13 18:55:19,6900890.0,6902488.0,2021-04-13 18:55:19
2021-04-13 18:55:22,6900890.0,6902499.0,2021-04-13 18:55:22
2021-04-13 18:55:25,6900890.0,6902499.0,2021-04-13 18:55:25
2021-04-13 18:55:28,6900890.0,6902338.0,2021-04-13 18:55:28
2021-04-13 18:55:32,6900001.0,6900638.0,2021-04-13 18:55:31
2021-04-13 18:55:35,6898751.0,6899375.0,2021-04-13 18:55:35
2021-04-13 18:55:38,6896087.0,6898473.0,2021-04-13 18:55:38
2021-04-13 18:55:41,6896040.0,6898453.0,2021-04-13 18:55:41
2021-04-13 18:55:44,6895001.0,6896649.0,2021-04-13 18:55:44
2021-04-13 18:55:47,6890001.0,6891447.0,2021-04-13 18:55:47
2021-04-13 18:55:50,6885001.0,6887628.0,2021-04-13 18:55:50
2021-04-13 18:55:54,6885507.0,6888125.0,2021-04-13 18:55:53
2021-04-13 18:55:57,6889800.0,6890987.0,2021-04-13 18:55:57
2021-04-13 18:56:00,6891339.0,6894921.0,2021-04-13 18:56:00
2021-04-13 18:56:03,6892409.0,6894974.0,2021-04-13 18:56:03
2021-04-13 18:56:06,6892770.0,6896236.0,2021-04-13 18:56:06
2021-04-13 18:56:09,6893935.0,6896236.0,2021-04-13 18:56:09
2021-04-13 18:56:12,6895759.0,6897499.0,2021-04-13 18:56:12
2021-04-13 18:56:15,6893794.0,6894574.0,2021-04-13 18:56:15
2021-04-13 18:56:18,6891243.0,6893094.0,2021-04-13 18:56:18
2021-04-13 18:56:22,6891165.0,6892885.0,2021-04-13 18:56:21
2021-04-13 18:56:25,6890471.0,6894465.0,2021-04-13 18:56:25
2021-04-13 18:56:28,6890001.0,6891089.0,2021-04-13 18:56:28
2021-04-13 18:56:31,6888929.0,6889629.0,2021-04-13 18:56:31
2021-04-13 18:56:34,6888929.0,6889629.0,2021-04-13 18:56:34
2021-04-13 18:56:37,6884460.0,6887248.0,2021-04-13 18:56:37
2021-04-13 18:56:40,6885191.0,6886995.0,2021-04-13 18:56:40
2021-04-13 18:56:43,6884630.0,6885975.0,2021-04-13 18:56:43
2021-04-13 18:56:47,6884800.0,6887713.0,2021-04-13 18:56:46
2021-04-13 18:56:50,6881251.0,6883692.0,2021-04-13 18:56:50
2021-04-13 18:56:53,6881251.0,6884920.0,2021-04-13 18:56:53
2021-04-13 18:56:56,6880001.0,6880222.0,2021-04-13 18:56:56
2021-04-13 18:56:59,6875254.0,6877327.0,2021-04-13 18:56:59
2021-04-13 18:57:03,6875009.0,6875036.0,2021-04-13 18:57:03
2021-04-13 18:57:06,6876590.0,6880778.0,2021-04-13 18:57:06
2021-04-13 18:57:09,6880829.0,6882159.0,2021-04-13 18:57:09
2021-04-13 18:57:12,6882701.0,6883827.0,2021-04-13 18:57:12
2021-04-13 18:57:15,6883392.0,6883753.0,2021-04-13 18:57:15
2021-04-13 18:57:18,6881870.0,6884543.0,2021-04-13 18:57:18
2021-04-13 18:57:21,6884004.0,6886676.0,2021-04-13 18:57:21
2021-04-13 18:57:24,6888544.0,6888749.0,2021-04-13 18:57:24
2021-04-13 18:57:27,6888626.0,6889600.0,2021-04-13 18:57:27
2021-04-13 18:57:30,6888443.0,6890833.0,2021-04-13 18:57:30
2021-04-13 18:57:34,6885359.0,6886560.0,2021-04-13 18:57:34
2021-04-13 18:57:37,6883751.0,6885457.0,2021-04-13 18:57:37
2021-04-13 18:57:40,6878015.0,6879253.0,2021-04-13 18:57:40
2021-04-13 18:57:43,6880026.0,6881227.0,2021-04-13 18:57:43
2021-04-13 18:57:46,6874990.0,6876990.0,2021-04-13 18:57:46
2021-04-13 18:57:49,6875191.0,6876989.0,2021-04-13 18:57:49
2021-04-13 18:57:52,6872502.0,6874777.0,2021-04-13 18:57:52
2021-04-13 18:57:55,6873400.0,6873815.0,2021-04-13 18:57:55
2021-04-13 18:57:58,6875151.0,6876249.0,2021-04-13 18:57:58
2021-04-13 18:58:02,6875787.0,6878749.0,2021-04-13 18:58:02
2021-04-13 18:58:05,6879998.0,6883562.0,2021-04-13 18:58:05
2021-04-13 18:58:08,6880008.0,6882943.0,2021-04-13 18:58:08
2021-04-13 18:58:11,6881495.0,6883749.0,2021-04-13 18:58:11
2021-04-13 18:58:14,6881490.0,6882396.0,2021-04-13 18:58:14
2021-04-13 18:58:17,6886166.0,6886249.0,2021-04-13 18:58:17
2021-04-13 18:58:21,6884638.0,6886197.0,2021-04-13 18:58:21
2021-04-13 18:58:24,6884861.0,6885871.0,2021-04-13 18:58:24
2021-04-13 18:58:27,6884919.0,6886886.0,2021-04-13 18:58:27
2021-04-13 18:58:30,6884710.0,6887290.0,2021-04-13 18:58:30
2021-04-13 18:58:33,6885863.0,6888060.0,2021-04-13 18:58:33
2021-04-13 18:58:36,6885001.0,6885303.0,2021-04-13 18:58:36
2021-04-13 18:58:39,6881863.0,6882572.0,2021-04-13 18:58:39
2021-04-13 18:58:43,6886060.0,6887606.0,2021-04-13 18:58:43
2021-04-13 18:58:46,6883665.0,6886126.0,2021-04-13 18:58:46
2021-04-13 18:58:49,6881720.0,6883749.0,2021-04-13 18:58:49
2021-04-13 18:58:52,6884680.0,6886194.0,2021-04-13 18:58:52
2021-04-13 18:58:55,6884414.0,6885579.0,2021-04-13 18:58:55
2021-04-13 18:58:58,6884841.0,6887603.0,2021-04-13 18:58:58
2021-04-13 18:59:01,6885535.0,6887606.0,2021-04-13 18:59:01
2021-04-13 18:59:04,6885536.0,6887606.0,2021-04-13 18:59:04
2021-04-13 18:59:07,6885001.0,6885900.0,2021-04-13 18:59:07
2021-04-13 18:59:10,6885729.0,6887772.0,2021-04-13 18:59:10
2021-04-13 18:59:14,6886575.0,6888060.0,2021-04-13 18:59:13
2021-04-13 18:59:17,6887325.0,6888729.0,2021-04-13 18:59:17
2021-04-13 18:59:20,6887274.0,6888729.0,2021-04-13 18:59:20
2021-04-13 18:59:23,6887443.0,6889715.0,2021-04-13 18:59:23
2021-04-13 18:59:26,6887503.0,6890378.0,2021-04-13 18:59:26
2021-04-13 18:59:29,6886251.0,6886573.0,2021-04-13 18:59:29
2021-04-13 18:59:32,6883338.0,6886075.0,2021-04-13 18:59:32
2021-04-13 18:59:35,6885878.0,6885901.0,2021-04-13 18:59:35
2021-04-13 18:59:38,6886991.0,6887593.0,2021-04-13 18:59:38
2021-04-13 18:59:41,6887594.0,6888990.0,2021-04-13 18:59:41
2021-04-13 18:59:44,6887838.0,6888749.0,2021-04-13 18:59:44
2021-04-13 18:59:47,6888423.0,6888748.0,2021-04-13 18:59:47
2021-04-13 18:59:50,6888199.0,6888693.0,2021-04-13 18:59:50
2021-04-13 18:59:53,6887928.0,6888748.0,2021-04-13 18:59:53
2021-04-13 18:59:56,6886251.0,6886872.0,2021-04-13 18:59:56
2021-04-13 18:59:59,6884169.0,6886704.0,2021-04-13 18:59:59
2021-04-13 19:00:02,6884426.0,6886594.0,2021-04-13 19:00:02
2021-04-13 19:00:05,6884960.0,6888232.0,2021-04-13 19:00:05
2021-04-13 19:00:09,6887312.0,6887499.0,2021-04-13 19:00:08
2021-04-13 19:00:12,6888086.0,6889999.0,2021-04-13 19:00:12
2021-04-13 19:00:15,6891007.0,6892866.0,2021-04-13 19:00:15
2021-04-13 19:00:18,6894046.0,6894999.0,2021-04-13 19:00:18
2021-04-13 19:00:21,6892472.0,6893031.0,2021-04-13 19:00:21
2021-04-13 19:00:24,6890797.0,6892526.0,2021-04-13 19:00:24
2021-04-13 19:00:27,6891251.0,6892899.0,2021-04-13 19:00:27
2021-04-13 19:00:30,6892501.0,6892858.0,2021-04-13 19:00:30
2021-04-13 19:00:34,6888755.0,6890090.0,2021-04-13 19:00:33
2021-04-13 19:00:37,6887342.0,6890090.0,2021-04-13 19:00:37
2021-04-13 19:00:40,6887617.0,6890090.0,2021-04-13 19:00:40
2021-04-13 19:00:43,6887627.0,6889999.0,2021-04-13 19:00:43
2021-04-13 19:00:46,6887637.0,6889999.0,2021-04-13 19:00:46
2021-04-13 19:00:49,6888195.0,6889999.0,2021-04-13 19:00:49
2021-04-13 19:00:52,6891046.0,6891460.0,2021-04-13 19:00:52
2021-04-13 19:00:55,6890148.0,6892215.0,2021-04-13 19:00:55
2021-04-13 19:00:58,6890042.0,6892209.0,2021-04-13 19:00:58
2021-04-13 19:01:01,6890151.0,6893093.0,2021-04-13 19:01:01
2021-04-13 19:01:04,6891251.0,6893090.0,2021-04-13 19:01:04
2021-04-13 19:01:08,6891252.0,6893668.0,2021-04-13 19:01:07
2021-04-13 19:01:11,6891712.0,6892499.0,2021-04-13 19:01:11
2021-04-13 19:01:14,6891965.0,6892499.0,2021-04-13 19:01:14
2021-04-13 19:01:17,6893385.0,6894999.0,2021-04-13 19:01:17
2021-04-13 19:01:20,6890407.0,6891832.0,2021-04-13 19:01:20
2021-04-13 19:01:23,6892501.0,6894104.0,2021-04-13 19:01:23
2021-04-13 19:01:26,6890619.0,6893729.0,2021-04-13 19:01:26
2021-04-13 19:01:29,6891820.0,6893483.0,2021-04-13 19:01:29
2021-04-13 19:01:32,6893340.0,6893483.0,2021-04-13 19:01:32
2021-04-13 19:01:35,6893484.0,6893848.0,2021-04-13 19:01:35
2021-04-13 19:01:38,6892299.0,6894999.0,2021-04-13 19:01:38
2021-04-13 19:01:41,6892197.0,6894999.0,2021-04-13 19:01:41
2021-04-13 19:01:44,6892966.0,6894999.0,2021-04-13 19:01:44
2021-04-13 19:01:47,6893623.0,6894999.0,2021-04-13 19:01:47
2021-04-13 19:01:50,6896665.0,6897496.0,2021-04-13 19:01:50
2021-04-13 19:01:54,6897336.0,6897521.0,2021-04-13 19:01:54
2021-04-13 19:01:57,6896767.0,6897521.0,2021-04-13 19:01:57
2021-04-13 19:02:00,6898676.0,6899374.0,2021-04-13 19:02:00
2021-04-13 19:02:03,6898254.0,6899998.0,2021-04-13 19:02:03
2021-04-13 19:02:06,6898263.0,6899996.0,2021-04-13 19:02:06
2021-04-13 19:02:09,6899795.0,6901247.0,2021-04-13 19:02:09
2021-04-13 19:02:12,6899273.0,6901121.0,2021-04-13 19:02:12
2021-04-13 19:02:15,6897174.0,6899569.0,2021-04-13 19:02:15
2021-04-13 19:02:18,6896516.0,6897221.0,2021-04-13 19:02:18
2021-04-13 19:02:21,6896443.0,6897550.0,2021-04-13 19:02:21
2021-04-13 19:02:24,6896443.0,6897336.0,2021-04-13 19:02:24
2021-04-13 19:02:27,6891251.0,6892880.0,2021-04-13 19:02:27
2021-04-13 19:02:31,6891561.0,6892880.0,2021-04-13 19:02:31
2021-04-13 19:02:34,6891456.0,6894062.0,2021-04-13 19:02:34
2021-04-13 19:02:37,6891251.0,6893561.0,2021-04-13 19:02:37
2021-04-13 19:02:40,6893506.0,6894999.0,2021-04-13 19:02:40
2021-04-13 19:02:43,6893339.0,6894999.0,2021-04-13 19:02:43
2021-04-13 19:02:46,6892501.0,6894999.0,2021-04-13 19:02:46
2021-04-13 19:02:49,6892880.0,6894913.0,2021-04-13 19:02:49
2021-04-13 19:02:52,6892501.0,6894913.0,2021-04-13 19:02:52
2021-04-13 19:02:55,6893751.0,6895789.0,2021-04-13 19:02:55
2021-04-13 19:02:58,6895116.0,6896440.0,2021-04-13 19:02:58
2021-04-13 19:03:01,6896000.0,6896395.0,2021-04-13 19:03:01
2021-04-13 19:03:05,6896532.0,6898749.0,2021-04-13 19:03:04
2021-04-13 19:03:08,6897350.0,6899447.0,2021-04-13 19:03:08
2021-04-13 19:03:11,6897871.0,6899796.0,2021-04-13 19:03:11
2021-04-13 19:03:14,6899521.0,6901247.0,2021-04-13 19:03:14
2021-04-13 19:03:17,6901490.0,6901498.0,2021-04-13 19:03:17
2021-04-13 19:03:20,6899071.0,6899914.0,2021-04-13 19:03:20
2021-04-13 19:03:23,6901087.0,6901481.0,2021-04-13 19:03:23
2021-04-13 19:03:26,6899386.0,6899938.0,2021-04-13 19:03:26
2021-04-13 19:03:29,6900151.0,6901498.0,2021-04-13 19:03:29
2021-04-13 19:03:32,6901499.0,6902290.0,2021-04-13 19:03:32
2021-04-13 19:03:36,6901891.0,6902499.0,2021-04-13 19:03:35
2021-04-13 19:03:39,6902414.0,6904999.0,2021-04-13 19:03:39
2021-04-13 19:03:42,6902793.0,6904739.0,2021-04-13 19:03:42
2021-04-13 19:03:45,6904149.0,6906440.0,2021-04-13 19:03:45
2021-04-13 19:03:48,6902419.0,6904037.0,2021-04-13 19:03:48
2021-04-13 19:03:51,6900922.0,6903567.0,2021-04-13 19:03:51
2021-04-13 19:03:54,6901188.0,6903563.0,2021-04-13 19:03:54
2021-04-13 19:03:57,6901517.0,6903584.0,2021-04-13 19:03:57
2021-04-13 19:04:00,6901517.0,6903748.0,2021-04-13 19:04:00
2021-04-13 19:04:03,6902705.0,6903749.0,2021-04-13 19:04:03
2021-04-13 19:04:07,6902780.0,6904036.0,2021-04-13 19:04:06
2021-04-13 19:04:10,6903408.0,6903908.0,2021-04-13 19:04:10
2021-04-13 19:04:13,6901326.0,6904036.0,2021-04-13 19:04:13
2021-04-13 19:04:16,6901337.0,6903769.0,2021-04-13 19:04:16
2021-04-13 19:04:19,6902303.0,6904892.0,2021-04-13 19:04:19
2021-04-13 19:04:22,6902302.0,6903535.0,2021-04-13 19:04:22
2021-04-13 19:04:25,6900050.0,6901240.0,2021-04-13 19:04:25
2021-04-13 19:04:28,6900168.0,6901666.0,2021-04-13 19:04:28
2021-04-13 19:04:31,6900001.0,6900977.0,2021-04-13 19:04:31
2021-04-13 19:04:34,6897915.0,6898572.0,2021-04-13 19:04:34
2021-04-13 19:04:37,6897915.0,6899513.0,2021-04-13 19:04:37
2021-04-13 19:04:40,6897925.0,6899513.0,2021-04-13 19:04:40
2021-04-13 19:04:43,6899822.0,6899999.0,2021-04-13 19:04:43
2021-04-13 19:04:46,6898805.0,6900383.0,2021-04-13 19:04:46
2021-04-13 19:04:49,6898265.0,6899998.0,2021-04-13 19:04:49
2021-04-13 19:04:52,6900000.0,6900109.0,2021-04-13 19:04:52
2021-04-13 19:04:56,6900000.0,6900109.0,2021-04-13 19:04:55
2021-04-13 19:04:59,6897003.0,6898558.0,2021-04-13 19:04:59
2021-04-13 19:05:02,6896251.0,6897934.0,2021-04-13 19:05:02
2021-04-13 19:05:05,6896567.0,6897910.0,2021-04-13 19:05:05
2021-04-13 19:05:08,6896567.0,6898558.0,2021-04-13 19:05:08
2021-04-13 19:05:11,6896668.0,6898558.0,2021-04-13 19:05:11
2021-04-13 19:05:14,6898053.0,6899642.0,2021-04-13 19:05:14
2021-04-13 19:05:17,6899032.0,6900000.0,2021-04-13 19:05:17
2021-04-13 19:05:20,6898892.0,6900000.0,2021-04-13 19:05:20
2021-04-13 19:05:23,6899564.0,6900000.0,2021-04-13 19:05:23
2021-04-13 19:05:26,6899040.0,6899955.0,2021-04-13 19:05:26
2021-04-13 19:05:29,6898777.0,6899999.0,2021-04-13 19:05:29
2021-04-13 19:05:32,6898751.0,6899650.0,2021-04-13 19:05:32
2021-04-13 19:05:35,6899910.0,6900648.0,2021-04-13 19:05:35
2021-04-13 19:05:38,6899900.0,6900648.0,2021-04-13 19:05:38
2021-04-13 19:05:41,6900765.0,6902476.0,2021-04-13 19:05:41
2021-04-13 19:05:45,6900207.0,6902051.0,2021-04-13 19:05:44
2021-04-13 19:05:48,6900908.0,6902884.0,2021-04-13 19:05:48
2021-04-13 19:05:51,6901251.0,6902485.0,2021-04-13 19:05:51
2021-04-13 19:05:54,6901251.0,6902345.0,2021-04-13 19:05:54
2021-04-13 19:05:57,6898102.0,6899900.0,2021-04-13 19:05:57
2021-04-13 19:06:00,6897517.0,6899705.0,2021-04-13 19:06:00
2021-04-13 19:06:03,6897517.0,6899563.0,2021-04-13 19:06:03
2021-04-13 19:06:06,6897501.0,6899893.0,2021-04-13 19:06:06
2021-04-13 19:06:09,6897779.0,6899776.0,2021-04-13 19:06:09
2021-04-13 19:06:13,6897794.0,6898526.0,2021-04-13 19:06:12
2021-04-13 19:06:16,6897809.0,6899912.0,2021-04-13 19:06:16
2021-04-13 19:06:19,6897501.0,6897762.0,2021-04-13 19:06:19
2021-04-13 19:06:22,6896251.0,6896424.0,2021-04-13 19:06:22
2021-04-13 19:06:25,6895175.0,6896241.0,2021-04-13 19:06:25
2021-04-13 19:06:28,6893934.0,6895548.0,2021-04-13 19:06:28
2021-04-13 19:06:31,6893751.0,6894489.0,2021-04-13 19:06:31
2021-04-13 19:06:34,6892283.0,6893382.0,2021-04-13 19:06:34
2021-04-13 19:06:37,6892164.0,6893619.0,2021-04-13 19:06:37
2021-04-13 19:06:40,6888751.0,6890664.0,2021-04-13 19:06:40
2021-04-13 19:06:43,6887585.0,6888741.0,2021-04-13 19:06:43
2021-04-13 19:06:46,6887605.0,6888003.0,2021-04-13 19:06:46
2021-04-13 19:06:49,6886251.0,6887233.0,2021-04-13 19:06:49
2021-04-13 19:06:52,6885171.0,6886289.0,2021-04-13 19:06:52
2021-04-13 19:06:55,6884961.0,6886360.0,2021-04-13 19:06:55
2021-04-13 19:06:58,6885499.0,6888366.0,2021-04-13 19:06:58
2021-04-13 19:07:01,6887589.0,6890257.0,2021-04-13 19:07:01
2021-04-13 19:07:04,6888464.0,6890413.0,2021-04-13 19:07:04
2021-04-13 19:07:08,6890596.0,6891830.0,2021-04-13 19:07:08
2021-04-13 19:07:11,6890596.0,6891213.0,2021-04-13 19:07:11
2021-04-13 19:07:14,6890596.0,6890842.0,2021-04-13 19:07:14
2021-04-13 19:07:17,6890596.0,6890841.0,2021-04-13 19:07:17
2021-04-13 19:07:20,6891191.0,6892370.0,2021-04-13 19:07:20
2021-04-13 19:07:23,6891251.0,6893251.0,2021-04-13 19:07:23
2021-04-13 19:07:26,6888751.0,6888900.0,2021-04-13 19:07:26
2021-04-13 19:07:29,6888751.0,6888823.0,2021-04-13 19:07:29
2021-04-13 19:07:32,6888751.0,6889308.0,2021-04-13 19:07:32
2021-04-13 19:07:35,6888987.0,6890674.0,2021-04-13 19:07:35
2021-04-13 19:07:38,6888006.0,6891523.0,2021-04-13 19:07:38
2021-04-13 19:07:41,6888006.0,6891182.0,2021-04-13 19:07:41
2021-04-13 19:07:44,6890001.0,6891056.0,2021-04-13 19:07:44
2021-04-13 19:07:47,6888499.0,6890159.0,2021-04-13 19:07:47
2021-04-13 19:07:50,6887501.0,6889522.0,2021-04-13 19:07:50
2021-04-13 19:07:53,6887005.0,6889346.0,2021-04-13 19:07:53
2021-04-13 19:07:56,6887015.0,6889345.0,2021-04-13 19:07:56
2021-04-13 19:07:59,6886662.0,6887368.0,2021-04-13 19:07:59
2021-04-13 19:08:03,6886672.0,6888123.0,2021-04-13 19:08:02
2021-04-13 19:08:06,6886710.0,6889020.0,2021-04-13 19:08:06
2021-04-13 19:08:09,6886723.0,6889344.0,2021-04-13 19:08:09
2021-04-13 19:08:12,6887507.0,6889418.0,2021-04-13 19:08:12
2021-04-13 19:08:15,6884802.0,6886838.0,2021-04-13 19:08:15
2021-04-13 19:08:18,6884798.0,6887226.0,2021-04-13 19:08:18
2021-04-13 19:08:21,6884674.0,6886249.0,2021-04-13 19:08:21
2021-04-13 19:08:24,6883881.0,6886012.0,2021-04-13 19:08:24
2021-04-13 19:08:27,6883881.0,6886248.0,2021-04-13 19:08:27
2021-04-13 19:08:30,6883750.0,6885743.0,2021-04-13 19:08:30
2021-04-13 19:08:33,6883930.0,6886243.0,2021-04-13 19:08:33
2021-04-13 19:08:36,6883657.0,6886235.0,2021-04-13 19:08:36
2021-04-13 19:08:39,6882630.0,6886484.0,2021-04-13 19:08:39
2021-04-13 19:08:42,6882936.0,6886109.0,2021-04-13 19:08:42
2021-04-13 19:08:45,6882975.0,6884999.0,2021-04-13 19:08:45
2021-04-13 19:08:48,6882501.0,6885788.0,2021-04-13 19:08:48
2021-04-13 19:08:52,6882502.0,6884903.0,2021-04-13 19:08:51
2021-04-13 19:08:55,6885362.0,6886121.0,2021-04-13 19:08:55
2021-04-13 19:08:58,6885061.0,6887496.0,2021-04-13 19:08:58
2021-04-13 19:09:01,6885215.0,6886184.0,2021-04-13 19:09:01
2021-04-13 19:09:04,6884616.0,6886401.0,2021-04-13 19:09:04
2021-04-13 19:09:07,6883895.0,6886161.0,2021-04-13 19:09:07
