timestamp,bid,ask,tick_timestamp
2021-04-03 09:23:38,6569994.0,6569998.0,2021-04-03 09:23:38
2021-04-03 09:23:42,6569996.0,6569998.0,2021-04-03 09:23:42
2021-04-03 09:23:45,6569997.0,6569998.0,2021-04-03 09:23:45
2021-04-03 09:23:48,6569997.0,6569998.0,2021-04-03 09:23:48
2021-04-03 09:23:51,6569994.0,6569996.0,2021-04-03 09:23:51
2021-04-03 09:23:54,6569994.0,6569995.0,2021-04-03 09:23:54
2021-04-03 09:23:57,6569994.0,6569995.0,2021-04-03 09:23:57
2021-04-03 09:24:00,6568520.0,6568999.0,2021-04-03 09:24:00
2021-04-03 09:24:03,6568520.0,6568998.0,2021-04-03 09:24:03
2021-04-03 09:24:06,6568520.0,6568998.0,2021-04-03 09:24:06
2021-04-03 09:24:09,6568425.0,6568998.0,2021-04-03 09:24:09
2021-04-03 09:24:12,6568425.0,6568997.0,2021-04-03 09:24:12
2021-04-03 09:24:16,6568425.0,6568996.0,2021-04-03 09:24:15
2021-04-03 09:24:19,6568425.0,6568426.0,2021-04-03 09:24:19
2021-04-03 09:24:22,6568425.0,6568426.0,2021-04-03 09:24:22
2021-04-03 09:24:25,6568425.0,6568426.0,2021-04-03 09:24:25
2021-04-03 09:24:28,6568425.0,6568426.0,2021-04-03 09:24:28
2021-04-03 09:24:31,6568425.0,6568426.0,2021-04-03 09:24:31
2021-04-03 09:24:34,6568425.0,6568426.0,2021-04-03 09:24:34
2021-04-03 09:24:37,6568425.0,6568426.0,2021-04-03 09:24:37
2021-04-03 09:24:40,6568425.0,6568426.0,2021-04-03 09:24:40
2021-04-03 09:24:43,6568425.0,6568426.0,2021-04-03 09:24:43
2021-04-03 09:24:46,6564942.0,6568389.0,2021-04-03 09:24:46
2021-04-03 09:24:49,6564950.0,6568158.0,2021-04-03 09:24:49
2021-04-03 09:24:52,6564959.0,6568158.0,2021-04-03 09:24:52
2021-04-03 09:24:55,6564962.0,6567516.0,2021-04-03 09:24:55
2021-04-03 09:24:58,6564962.0,6567515.0,2021-04-03 09:24:58
2021-04-03 09:25:01,6564962.0,6567515.0,2021-04-03 09:25:01
2021-04-03 09:25:04,6564968.0,6567515.0,2021-04-03 09:25:04
2021-04-03 09:25:07,6564970.0,6567515.0,2021-04-03 09:25:07
2021-04-03 09:25:10,6564970.0,6567513.0,2021-04-03 09:25:10
2021-04-03 09:25:13,6564970.0,6567513.0,2021-04-03 09:25:13
2021-04-03 09:25:17,6567515.0,6568426.0,2021-04-03 09:25:16
2021-04-03 09:25:20,6567520.0,6568426.0,2021-04-03 09:25:20
2021-04-03 09:25:23,6567530.0,6568426.0,2021-04-03 09:25:23
2021-04-03 09:25:26,6567537.0,6568426.0,2021-04-03 09:25:26
2021-04-03 09:25:29,6567543.0,6568425.0,2021-04-03 09:25:29
2021-04-03 09:25:32,6567549.0,6568425.0,2021-04-03 09:25:32
2021-04-03 09:25:35,6567556.0,6568425.0,2021-04-03 09:25:35
2021-04-03 09:25:38,6567561.0,6568425.0,2021-04-03 09:25:38
2021-04-03 09:25:41,6567566.0,6568374.0,2021-04-03 09:25:41
2021-04-03 09:25:44,6567570.0,6568373.0,2021-04-03 09:25:44
2021-04-03 09:25:47,6567576.0,6568369.0,2021-04-03 09:25:47
2021-04-03 09:25:50,6567581.0,6568425.0,2021-04-03 09:25:50
2021-04-03 09:25:53,6567586.0,6568297.0,2021-04-03 09:25:53
2021-04-03 09:25:56,6565793.0,6567506.0,2021-04-03 09:25:56
2021-04-03 09:25:59,6565798.0,6566878.0,2021-04-03 09:25:59
2021-04-03 09:26:02,6564959.0,6566598.0,2021-04-03 09:26:02
2021-04-03 09:26:05,6565797.0,6565910.0,2021-04-03 09:26:05
2021-04-03 09:26:08,6563081.0,6563082.0,2021-04-03 09:26:08
2021-04-03 09:26:11,6562962.0,6562963.0,2021-04-03 09:26:11
2021-04-03 09:26:15,6562962.0,6562963.0,2021-04-03 09:26:14
2021-04-03 09:26:18,6562962.0,6562963.0,2021-04-03 09:26:18
2021-04-03 09:26:21,6562962.0,6562963.0,2021-04-03 09:26:21
2021-04-03 09:26:24,6562962.0,6563667.0,2021-04-03 09:26:24
2021-04-03 09:26:27,6562963.0,6563658.0,2021-04-03 09:26:27
2021-04-03 09:26:30,6562963.0,6563657.0,2021-04-03 09:26:30
2021-04-03 09:26:33,6562964.0,6563654.0,2021-04-03 09:26:33
2021-04-03 09:26:36,6564474.0,6564577.0,2021-04-03 09:26:36
2021-04-03 09:26:39,6564588.0,6567972.0,2021-04-03 09:26:39
2021-04-03 09:26:43,6564596.0,6567972.0,2021-04-03 09:26:42
2021-04-03 09:26:46,6564603.0,6567073.0,2021-04-03 09:26:46
2021-04-03 09:26:49,6563053.0,6567063.0,2021-04-03 09:26:49
2021-04-03 09:26:52,6563063.0,6567055.0,2021-04-03 09:26:52
2021-04-03 09:26:55,6563238.0,6566802.0,2021-04-03 09:26:55
2021-04-03 09:26:58,6564309.0,6566802.0,2021-04-03 09:26:58
2021-04-03 09:27:01,6564318.0,6567050.0,2021-04-03 09:27:01
2021-04-03 09:27:04,6564325.0,6567050.0,2021-04-03 09:27:04
2021-04-03 09:27:07,6564333.0,6567050.0,2021-04-03 09:27:07
2021-04-03 09:27:11,6564340.0,6567050.0,2021-04-03 09:27:10
2021-04-03 09:27:14,6564349.0,6567050.0,2021-04-03 09:27:14
2021-04-03 09:27:17,6564355.0,6567050.0,2021-04-03 09:27:17
2021-04-03 09:27:20,6564362.0,6567050.0,2021-04-03 09:27:20
2021-04-03 09:27:23,6564371.0,6567050.0,2021-04-03 09:27:23
2021-04-03 09:27:26,6565294.0,6567045.0,2021-04-03 09:27:26
2021-04-03 09:27:29,6565303.0,6567969.0,2021-04-03 09:27:29
2021-04-03 09:27:32,6565296.0,6567071.0,2021-04-03 09:27:32
2021-04-03 09:27:35,6565301.0,6567067.0,2021-04-03 09:27:35
2021-04-03 09:27:38,6565302.0,6567067.0,2021-04-03 09:27:38
2021-04-03 09:27:41,6565302.0,6567067.0,2021-04-03 09:27:41
2021-04-03 09:27:44,6565301.0,6566560.0,2021-04-03 09:27:44
2021-04-03 09:27:47,6565301.0,6566560.0,2021-04-03 09:27:47
2021-04-03 09:27:50,6565304.0,6566560.0,2021-04-03 09:27:50
2021-04-03 09:27:53,6565307.0,6566775.0,2021-04-03 09:27:53
2021-04-03 09:27:56,6565308.0,6566775.0,2021-04-03 09:27:56
2021-04-03 09:27:59,6564405.0,6565301.0,2021-04-03 09:27:59
2021-04-03 09:28:02,6564405.0,6565299.0,2021-04-03 09:28:02
2021-04-03 09:28:06,6564405.0,6565294.0,2021-04-03 09:28:05
2021-04-03 09:28:09,6562962.0,6565283.0,2021-04-03 09:28:09
2021-04-03 09:28:12,6562962.0,6562963.0,2021-04-03 09:28:12
2021-04-03 09:28:15,6562962.0,6562963.0,2021-04-03 09:28:15
2021-04-03 09:28:18,6562962.0,6562963.0,2021-04-03 09:28:18
2021-04-03 09:28:21,6562962.0,6562963.0,2021-04-03 09:28:21
2021-04-03 09:28:24,6562962.0,6562963.0,2021-04-03 09:28:24
2021-04-03 09:28:27,6562962.0,6562963.0,2021-04-03 09:28:27
2021-04-03 09:28:30,6562862.0,6562863.0,2021-04-03 09:28:30
2021-04-03 09:28:33,6562862.0,6562863.0,2021-04-03 09:28:33
2021-04-03 09:28:36,6562862.0,6562863.0,2021-04-03 09:28:36
2021-04-03 09:28:39,6562862.0,6562863.0,2021-04-03 09:28:39
2021-04-03 09:28:42,6562862.0,6562863.0,2021-04-03 09:28:42
2021-04-03 09:28:45,6562862.0,6562863.0,2021-04-03 09:28:45
2021-04-03 09:28:48,6562862.0,6562863.0,2021-04-03 09:28:48
2021-04-03 09:28:51,6562862.0,6562863.0,2021-04-03 09:28:51
2021-04-03 09:28:54,6562862.0,6562863.0,2021-04-03 09:28:54
2021-04-03 09:28:57,6562862.0,6562863.0,2021-04-03 09:28:57
2021-04-03 09:29:00,6562862.0,6562863.0,2021-04-03 09:29:00
2021-04-03 09:29:04,6562862.0,6562863.0,2021-04-03 09:29:03
2021-04-03 09:29:07,6562862.0,6562863.0,2021-04-03 09:29:07
2021-04-03 09:29:10,6562862.0,6562863.0,2021-04-03 09:29:10
2021-04-03 09:29:13,6562862.0,6562863.0,2021-04-03 09:29:13
2021-04-03 09:29:16,6562862.0,6562863.0,2021-04-03 09:29:16
2021-04-03 09:29:19,6562862.0,6562863.0,2021-04-03 09:29:19
2021-04-03 09:29:22,6562862.0,6562863.0,2021-04-03 09:29:22
2021-04-03 09:29:25,6562862.0,6562863.0,2021-04-03 09:29:25
2021-04-03 09:29:28,6562862.0,6562863.0,2021-04-03 09:29:28
2021-04-03 09:29:31,6562862.0,6562863.0,2021-04-03 09:29:31
2021-04-03 09:29:34,6556975.0,6562859.0,2021-04-03 09:29:34
2021-04-03 09:29:37,6557033.0,6562848.0,2021-04-03 09:29:37
2021-04-03 09:29:40,6557033.0,6562841.0,2021-04-03 09:29:40
2021-04-03 09:29:43,6559752.0,6562832.0,2021-04-03 09:29:43
2021-04-03 09:29:46,6559756.0,6562824.0,2021-04-03 09:29:46
2021-04-03 09:29:49,6559763.0,6562813.0,2021-04-03 09:29:49
2021-04-03 09:29:52,6559766.0,6561964.0,2021-04-03 09:29:52
2021-04-03 09:29:55,6558885.0,6561957.0,2021-04-03 09:29:55
2021-04-03 09:29:58,6559468.0,6559766.0,2021-04-03 09:29:58
2021-04-03 09:30:02,6560487.0,6562863.0,2021-04-03 09:30:02
2021-04-03 09:30:05,6561811.0,6562863.0,2021-04-03 09:30:05
2021-04-03 09:30:08,6561818.0,6562863.0,2021-04-03 09:30:08
2021-04-03 09:30:12,6561826.0,6562863.0,2021-04-03 09:30:11
2021-04-03 09:30:15,6561834.0,6562863.0,2021-04-03 09:30:15
2021-04-03 09:30:18,6561842.0,6562863.0,2021-04-03 09:30:18
2021-04-03 09:30:21,6561848.0,6562863.0,2021-04-03 09:30:21
2021-04-03 09:30:24,6561856.0,6562863.0,2021-04-03 09:30:24
2021-04-03 09:30:27,6562862.0,6562863.0,2021-04-03 09:30:27
2021-04-03 09:30:30,6562862.0,6562863.0,2021-04-03 09:30:30
2021-04-03 09:30:33,6562862.0,6562863.0,2021-04-03 09:30:33
2021-04-03 09:30:36,6562862.0,6562863.0,2021-04-03 09:30:36
2021-04-03 09:30:39,6562862.0,6562863.0,2021-04-03 09:30:39
2021-04-03 09:30:42,6562862.0,6562863.0,2021-04-03 09:30:42
2021-04-03 09:30:45,6562864.0,6564863.0,2021-04-03 09:30:45
2021-04-03 09:30:48,6562870.0,6564863.0,2021-04-03 09:30:48
2021-04-03 09:30:51,6562881.0,6565265.0,2021-04-03 09:30:51
2021-04-03 09:30:54,6562889.0,6565265.0,2021-04-03 09:30:54
2021-04-03 09:30:57,6562898.0,6565564.0,2021-04-03 09:30:57
2021-04-03 09:31:00,6563598.0,6566182.0,2021-04-03 09:31:00
2021-04-03 09:31:03,6563606.0,6566176.0,2021-04-03 09:31:03
2021-04-03 09:31:07,6563614.0,6566170.0,2021-04-03 09:31:06
2021-04-03 09:31:10,6563838.0,6566164.0,2021-04-03 09:31:10
2021-04-03 09:31:13,6563845.0,6566157.0,2021-04-03 09:31:13
2021-04-03 09:31:16,6563853.0,6566157.0,2021-04-03 09:31:16
2021-04-03 09:31:19,6567457.0,6567509.0,2021-04-03 09:31:19
2021-04-03 09:31:22,6567508.0,6567509.0,2021-04-03 09:31:22
2021-04-03 09:31:25,6567508.0,6567509.0,2021-04-03 09:31:25
2021-04-03 09:31:28,6566481.0,6567508.0,2021-04-03 09:31:28
2021-04-03 09:31:31,6566487.0,6567509.0,2021-04-03 09:31:31
2021-04-03 09:31:34,6566497.0,6568849.0,2021-04-03 09:31:34
2021-04-03 09:31:37,6566504.0,6568849.0,2021-04-03 09:31:37
2021-04-03 09:31:40,6564547.0,6568757.0,2021-04-03 09:31:40
2021-04-03 09:31:43,6564777.0,6568712.0,2021-04-03 09:31:43
2021-04-03 09:31:46,6564782.0,6567311.0,2021-04-03 09:31:46
2021-04-03 09:31:49,6565110.0,6567303.0,2021-04-03 09:31:49
2021-04-03 09:31:52,6565115.0,6567294.0,2021-04-03 09:31:52
2021-04-03 09:31:55,6565116.0,6567286.0,2021-04-03 09:31:55
2021-04-03 09:31:58,6565127.0,6567278.0,2021-04-03 09:31:58
2021-04-03 09:32:02,6565127.0,6567272.0,2021-04-03 09:32:01
2021-04-03 09:32:05,6565128.0,6567263.0,2021-04-03 09:32:05
2021-04-03 09:32:08,6565128.0,6566745.0,2021-04-03 09:32:08
2021-04-03 09:32:11,6565128.0,6566138.0,2021-04-03 09:32:11
2021-04-03 09:32:14,6565128.0,6566129.0,2021-04-03 09:32:14
2021-04-03 09:32:17,6565128.0,6566119.0,2021-04-03 09:32:17
2021-04-03 09:32:20,6565128.0,6566111.0,2021-04-03 09:32:20
2021-04-03 09:32:23,6565128.0,6566102.0,2021-04-03 09:32:23
2021-04-03 09:32:27,6565128.0,6566093.0,2021-04-03 09:32:27
2021-04-03 09:32:30,6565128.0,6565129.0,2021-04-03 09:32:30
2021-04-03 09:32:33,6565128.0,6565129.0,2021-04-03 09:32:33
2021-04-03 09:32:36,6565128.0,6565129.0,2021-04-03 09:32:36
2021-04-03 09:32:39,6565128.0,6565129.0,2021-04-03 09:32:39
2021-04-03 09:32:42,6565128.0,6565129.0,2021-04-03 09:32:42
2021-04-03 09:32:45,6565128.0,6565129.0,2021-04-03 09:32:45
2021-04-03 09:32:48,6565128.0,6565129.0,2021-04-03 09:32:48
2021-04-03 09:32:51,6565128.0,6565129.0,2021-04-03 09:32:51
2021-04-03 09:32:54,6565128.0,6565129.0,2021-04-03 09:32:54
2021-04-03 09:32:57,6565128.0,6565129.0,2021-04-03 09:32:57
2021-04-03 09:33:00,6565128.0,6565129.0,2021-04-03 09:33:00
2021-04-03 09:33:03,6565128.0,6565129.0,2021-04-03 09:33:03
2021-04-03 09:33:06,6565128.0,6565129.0,2021-04-03 09:33:06
2021-04-03 09:33:09,6565128.0,6565129.0,2021-04-03 09:33:09
2021-04-03 09:33:12,6565128.0,6565129.0,2021-04-03 09:33:12
2021-04-03 09:33:15,6565128.0,6565129.0,2021-04-03 09:33:15
2021-04-03 09:33:18,6565128.0,6565129.0,2021-04-03 09:33:18
2021-04-03 09:33:21,6565135.0,6565349.0,2021-04-03 09:33:21
2021-04-03 09:33:25,6565143.0,6567306.0,2021-04-03 09:33:24
2021-04-03 09:33:28,6565152.0,6567299.0,2021-04-03 09:33:28
2021-04-03 09:33:31,6565969.0,6567292.0,2021-04-03 09:33:31
2021-04-03 09:33:34,6565979.0,6568621.0,2021-04-03 09:33:34
2021-04-03 09:33:37,6565987.0,6568622.0,2021-04-03 09:33:37
2021-04-03 09:33:40,6565994.0,6569423.0,2021-04-03 09:33:40
2021-04-03 09:33:43,6565999.0,6569423.0,2021-04-03 09:33:43
2021-04-03 09:33:46,6565999.0,6569415.0,2021-04-03 09:33:46
2021-04-03 09:33:49,6566000.0,6569409.0,2021-04-03 09:33:49
2021-04-03 09:33:52,6566013.0,6569404.0,2021-04-03 09:33:52
2021-04-03 09:33:55,6566021.0,6569200.0,2021-04-03 09:33:55
2021-04-03 09:33:58,6566023.0,6569192.0,2021-04-03 09:33:58
2021-04-03 09:34:01,6566024.0,6569187.0,2021-04-03 09:34:01
2021-04-03 09:34:04,6566025.0,6566090.0,2021-04-03 09:34:04
2021-04-03 09:34:07,6566025.0,6566083.0,2021-04-03 09:34:07
2021-04-03 09:34:10,6566025.0,6566078.0,2021-04-03 09:34:10
2021-04-03 09:34:13,6566026.0,6566074.0,2021-04-03 09:34:13
2021-04-03 09:34:16,6566026.0,6566067.0,2021-04-03 09:34:16
2021-04-03 09:34:19,6566026.0,6566057.0,2021-04-03 09:34:19
2021-04-03 09:34:22,6566026.0,6566052.0,2021-04-03 09:34:22
2021-04-03 09:34:25,6566026.0,6566041.0,2021-04-03 09:34:25
2021-04-03 09:34:29,6566026.0,6566035.0,2021-04-03 09:34:28
2021-04-03 09:34:32,6566026.0,6566029.0,2021-04-03 09:34:32
2021-04-03 09:34:35,6566026.0,6566027.0,2021-04-03 09:34:35
2021-04-03 09:34:38,6566026.0,6566027.0,2021-04-03 09:34:38
2021-04-03 09:34:41,6566026.0,6566027.0,2021-04-03 09:34:41
2021-04-03 09:34:44,6566026.0,6566027.0,2021-04-03 09:34:44
2021-04-03 09:34:47,6566026.0,6566027.0,2021-04-03 09:34:47
2021-04-03 09:34:50,6566026.0,6566027.0,2021-04-03 09:34:50
2021-04-03 09:34:53,6566026.0,6566027.0,2021-04-03 09:34:53
2021-04-03 09:34:56,6566026.0,6566027.0,2021-04-03 09:34:56
2021-04-03 09:34:59,6566026.0,6566027.0,2021-04-03 09:34:59
2021-04-03 09:35:02,6566026.0,6566027.0,2021-04-03 09:35:02
2021-04-03 09:35:05,6566026.0,6566027.0,2021-04-03 09:35:05
2021-04-03 09:35:08,6566026.0,6566027.0,2021-04-03 09:35:08
2021-04-03 09:35:11,6566026.0,6566027.0,2021-04-03 09:35:11
2021-04-03 09:35:14,6566026.0,6566027.0,2021-04-03 09:35:14
2021-04-03 09:35:17,6566026.0,6566027.0,2021-04-03 09:35:17
2021-04-03 09:35:20,6566026.0,6566027.0,2021-04-03 09:35:20
2021-04-03 09:35:24,6563255.0,6565098.0,2021-04-03 09:35:23
2021-04-03 09:35:27,6563259.0,6565090.0,2021-04-03 09:35:27
2021-04-03 09:35:30,6563255.0,6564145.0,2021-04-03 09:35:30
2021-04-03 09:35:33,6563255.0,6564140.0,2021-04-03 09:35:33
2021-04-03 09:35:36,6563255.0,6564133.0,2021-04-03 09:35:36
2021-04-03 09:35:39,6562315.0,6564126.0,2021-04-03 09:35:39
2021-04-03 09:35:42,6562315.0,6564119.0,2021-04-03 09:35:42
2021-04-03 09:35:45,6563253.0,6564112.0,2021-04-03 09:35:45
2021-04-03 09:35:48,6563297.0,6564089.0,2021-04-03 09:35:48
2021-04-03 09:35:51,6563297.0,6564081.0,2021-04-03 09:35:51
2021-04-03 09:35:54,6563297.0,6564072.0,2021-04-03 09:35:54
2021-04-03 09:35:57,6563297.0,6564063.0,2021-04-03 09:35:57
2021-04-03 09:36:00,6563297.0,6563298.0,2021-04-03 09:36:00
2021-04-03 09:36:03,6563253.0,6563254.0,2021-04-03 09:36:03
2021-04-03 09:36:06,6563252.0,6563253.0,2021-04-03 09:36:06
2021-04-03 09:36:09,6563252.0,6563253.0,2021-04-03 09:36:09
2021-04-03 09:36:12,6563252.0,6563253.0,2021-04-03 09:36:12
2021-04-03 09:36:15,6563252.0,6563253.0,2021-04-03 09:36:15
2021-04-03 09:36:18,6563252.0,6563253.0,2021-04-03 09:36:18
2021-04-03 09:36:21,6563252.0,6563253.0,2021-04-03 09:36:21
2021-04-03 09:36:25,6560890.0,6563251.0,2021-04-03 09:36:24
2021-04-03 09:36:28,6560886.0,6563245.0,2021-04-03 09:36:28
2021-04-03 09:36:31,6562016.0,6563239.0,2021-04-03 09:36:31
2021-04-03 09:36:34,6562021.0,6563234.0,2021-04-03 09:36:34
2021-04-03 09:36:37,6562021.0,6563228.0,2021-04-03 09:36:37
2021-04-03 09:36:40,6562021.0,6563223.0,2021-04-03 09:36:40
2021-04-03 09:36:43,6562021.0,6563216.0,2021-04-03 09:36:43
2021-04-03 09:36:46,6562021.0,6563209.0,2021-04-03 09:36:46
2021-04-03 09:36:49,6560885.0,6563200.0,2021-04-03 09:36:49
2021-04-03 09:36:52,6560895.0,6562021.0,2021-04-03 09:36:52
2021-04-03 09:36:55,6561896.0,6562021.0,2021-04-03 09:36:55
2021-04-03 09:36:58,6562020.0,6562021.0,2021-04-03 09:36:58
2021-04-03 09:37:02,6562020.0,6562021.0,2021-04-03 09:37:02
2021-04-03 09:37:05,6562020.0,6562021.0,2021-04-03 09:37:05
2021-04-03 09:37:08,6562020.0,6562021.0,2021-04-03 09:37:08
2021-04-03 09:37:11,6562020.0,6562021.0,2021-04-03 09:37:11
2021-04-03 09:37:15,6562020.0,6562021.0,2021-04-03 09:37:14
2021-04-03 09:37:18,6562020.0,6562021.0,2021-04-03 09:37:18
2021-04-03 09:37:21,6562140.0,6564060.0,2021-04-03 09:37:21
2021-04-03 09:37:24,6564059.0,6564060.0,2021-04-03 09:37:24
2021-04-03 09:37:27,6564059.0,6564060.0,2021-04-03 09:37:27
2021-04-03 09:37:30,6564059.0,6564060.0,2021-04-03 09:37:30
2021-04-03 09:37:33,6564059.0,6564060.0,2021-04-03 09:37:33
2021-04-03 09:37:36,6564059.0,6564060.0,2021-04-03 09:37:36
2021-04-03 09:37:39,6564059.0,6564060.0,2021-04-03 09:37:39
2021-04-03 09:37:42,6564059.0,6564060.0,2021-04-03 09:37:42
2021-04-03 09:37:45,6564059.0,6564060.0,2021-04-03 09:37:45
2021-04-03 09:37:48,6564059.0,6564060.0,2021-04-03 09:37:48
2021-04-03 09:37:51,6564059.0,6564060.0,2021-04-03 09:37:51
2021-04-03 09:37:54,6564059.0,6564060.0,2021-04-03 09:37:54
2021-04-03 09:37:57,6564059.0,6564060.0,2021-04-03 09:37:57
2021-04-03 09:38:00,6564059.0,6564060.0,2021-04-03 09:38:00
2021-04-03 09:38:03,6564059.0,6564060.0,2021-04-03 09:38:03
2021-04-03 09:38:06,6564059.0,6564060.0,2021-04-03 09:38:06
2021-04-03 09:38:09,6564059.0,6564060.0,2021-04-03 09:38:09
2021-04-03 09:38:12,6564059.0,6564060.0,2021-04-03 09:38:12
2021-04-03 09:38:16,6564059.0,6564060.0,2021-04-03 09:38:15
2021-04-03 09:38:19,6564059.0,6564060.0,2021-04-03 09:38:19
2021-04-03 09:38:22,6564059.0,6564060.0,2021-04-03 09:38:22
2021-04-03 09:38:25,6564059.0,6564439.0,2021-04-03 09:38:25
2021-04-03 09:38:28,6564059.0,6564061.0,2021-04-03 09:38:28
2021-04-03 09:38:31,6564060.0,6564575.0,2021-04-03 09:38:31
2021-04-03 09:38:34,6564060.0,6565240.0,2021-04-03 09:38:34
2021-04-03 09:38:37,6564060.0,6565232.0,2021-04-03 09:38:37
2021-04-03 09:38:40,6564060.0,6564061.0,2021-04-03 09:38:40
2021-04-03 09:38:43,6564058.0,6564059.0,2021-04-03 09:38:43
2021-04-03 09:38:46,6561856.0,6564052.0,2021-04-03 09:38:46
2021-04-03 09:38:49,6561856.0,6564046.0,2021-04-03 09:38:49
2021-04-03 09:38:52,6561856.0,6564039.0,2021-04-03 09:38:52
2021-04-03 09:38:55,6561856.0,6564031.0,2021-04-03 09:38:55
2021-04-03 09:38:58,6561856.0,6563794.0,2021-04-03 09:38:58
2021-04-03 09:39:01,6561856.0,6561971.0,2021-04-03 09:39:01
2021-04-03 09:39:04,6561856.0,6561962.0,2021-04-03 09:39:04
2021-04-03 09:39:08,6560885.0,6561729.0,2021-04-03 09:39:08
2021-04-03 09:39:11,6560885.0,6561445.0,2021-04-03 09:39:11
2021-04-03 09:39:14,6560885.0,6561437.0,2021-04-03 09:39:14
2021-04-03 09:39:17,6560885.0,6560886.0,2021-04-03 09:39:17
2021-04-03 09:39:20,6560885.0,6560886.0,2021-04-03 09:39:20
2021-04-03 09:39:23,6560885.0,6560886.0,2021-04-03 09:39:23
2021-04-03 09:39:26,6560885.0,6560886.0,2021-04-03 09:39:26
2021-04-03 09:39:29,6560885.0,6560886.0,2021-04-03 09:39:29
2021-04-03 09:39:32,6560885.0,6560886.0,2021-04-03 09:39:32
2021-04-03 09:39:35,6560885.0,6560886.0,2021-04-03 09:39:35
2021-04-03 09:39:38,6560885.0,6560886.0,2021-04-03 09:39:38
2021-04-03 09:39:41,6560885.0,6560886.0,2021-04-03 09:39:41
2021-04-03 09:39:44,6560885.0,6560886.0,2021-04-03 09:39:44
2021-04-03 09:39:47,6560885.0,6560886.0,2021-04-03 09:39:47
2021-04-03 09:39:51,6560885.0,6560886.0,2021-04-03 09:39:50
2021-04-03 09:39:54,6560885.0,6560886.0,2021-04-03 09:39:54
2021-04-03 09:39:57,6560885.0,6560886.0,2021-04-03 09:39:57
2021-04-03 09:40:00,6560885.0,6560886.0,2021-04-03 09:40:00
2021-04-03 09:40:03,6560885.0,6560886.0,2021-04-03 09:40:03
2021-04-03 09:40:06,6560885.0,6560886.0,2021-04-03 09:40:06
2021-04-03 09:40:09,6560885.0,6560886.0,2021-04-03 09:40:09
2021-04-03 09:40:12,6560885.0,6560886.0,2021-04-03 09:40:12
2021-04-03 09:40:16,6560885.0,6560886.0,2021-04-03 09:40:16
2021-04-03 09:40:19,6560884.0,6560886.0,2021-04-03 09:40:19
2021-04-03 09:40:22,6560884.0,6560886.0,2021-04-03 09:40:22
2021-04-03 09:40:25,6560884.0,6560886.0,2021-04-03 09:40:25
2021-04-03 09:40:28,6560884.0,6560886.0,2021-04-03 09:40:28
2021-04-03 09:40:31,6560884.0,6560885.0,2021-04-03 09:40:31
2021-04-03 09:40:34,6560880.0,6560881.0,2021-04-03 09:40:34
2021-04-03 09:40:37,6560000.0,6560876.0,2021-04-03 09:40:37
2021-04-03 09:40:40,6560000.0,6560874.0,2021-04-03 09:40:40
2021-04-03 09:40:43,6560000.0,6560001.0,2021-04-03 09:40:43
2021-04-03 09:40:47,6560000.0,6560001.0,2021-04-03 09:40:46
2021-04-03 09:40:50,6560000.0,6560001.0,2021-04-03 09:40:50
2021-04-03 09:40:53,6560000.0,6560001.0,2021-04-03 09:40:53
2021-04-03 09:40:56,6560000.0,6560001.0,2021-04-03 09:40:56
2021-04-03 09:40:59,6560000.0,6560001.0,2021-04-03 09:40:59
2021-04-03 09:41:02,6559710.0,6559999.0,2021-04-03 09:41:02
2021-04-03 09:41:05,6556690.0,6557505.0,2021-04-03 09:41:05
2021-04-03 09:41:08,6556690.0,6557495.0,2021-04-03 09:41:08
2021-04-03 09:41:11,6556690.0,6557487.0,2021-04-03 09:41:11
2021-04-03 09:41:14,6556690.0,6556691.0,2021-04-03 09:41:14
2021-04-03 09:41:17,6556040.0,6556041.0,2021-04-03 09:41:17
2021-04-03 09:41:20,6556040.0,6556041.0,2021-04-03 09:41:20
2021-04-03 09:41:23,6556040.0,6556041.0,2021-04-03 09:41:23
2021-04-03 09:41:26,6556040.0,6556041.0,2021-04-03 09:41:26
2021-04-03 09:41:29,6556040.0,6556041.0,2021-04-03 09:41:29
2021-04-03 09:41:32,6556040.0,6556041.0,2021-04-03 09:41:32
2021-04-03 09:41:35,6556040.0,6556041.0,2021-04-03 09:41:35
2021-04-03 09:41:38,6556040.0,6556041.0,2021-04-03 09:41:38
2021-04-03 09:41:41,6556040.0,6556041.0,2021-04-03 09:41:41
2021-04-03 09:41:44,6556040.0,6556041.0,2021-04-03 09:41:44
2021-04-03 09:41:48,6556040.0,6556041.0,2021-04-03 09:41:47
2021-04-03 09:41:51,6556040.0,6556041.0,2021-04-03 09:41:51
2021-04-03 09:41:54,6556040.0,6556041.0,2021-04-03 09:41:54
2021-04-03 09:41:57,6556040.0,6556041.0,2021-04-03 09:41:57
2021-04-03 09:42:00,6556040.0,6556041.0,2021-04-03 09:42:00
2021-04-03 09:42:03,6556040.0,6556392.0,2021-04-03 09:42:03
2021-04-03 09:42:06,6557182.0,6557482.0,2021-04-03 09:42:06
2021-04-03 09:42:09,6559382.0,6559484.0,2021-04-03 09:42:09
2021-04-03 09:42:12,6559385.0,6559484.0,2021-04-03 09:42:12
2021-04-03 09:42:15,6559388.0,6559484.0,2021-04-03 09:42:15
2021-04-03 09:42:18,6559396.0,6559483.0,2021-04-03 09:42:18
2021-04-03 09:42:21,6558372.0,6559483.0,2021-04-03 09:42:21
2021-04-03 09:42:24,6558376.0,6559482.0,2021-04-03 09:42:24
2021-04-03 09:42:27,6557266.0,6559476.0,2021-04-03 09:42:27
2021-04-03 09:42:30,6557271.0,6559066.0,2021-04-03 09:42:30
2021-04-03 09:42:33,6557278.0,6559015.0,2021-04-03 09:42:33
2021-04-03 09:42:36,6558916.0,6559476.0,2021-04-03 09:42:36
2021-04-03 09:42:39,6558923.0,6559000.0,2021-04-03 09:42:39
2021-04-03 09:42:42,6558913.0,6559000.0,2021-04-03 09:42:42
2021-04-03 09:42:46,6558999.0,6559484.0,2021-04-03 09:42:46
2021-04-03 09:42:49,6559483.0,6559484.0,2021-04-03 09:42:49
2021-04-03 09:42:52,6559483.0,6559484.0,2021-04-03 09:42:52
2021-04-03 09:42:55,6559483.0,6559484.0,2021-04-03 09:42:55
2021-04-03 09:42:58,6559483.0,6559484.0,2021-04-03 09:42:58
2021-04-03 09:43:01,6559483.0,6559484.0,2021-04-03 09:43:01
2021-04-03 09:43:04,6559483.0,6559484.0,2021-04-03 09:43:04
2021-04-03 09:43:07,6559483.0,6559484.0,2021-04-03 09:43:07
2021-04-03 09:43:10,6559483.0,6559484.0,2021-04-03 09:43:10
2021-04-03 09:43:13,6559483.0,6559484.0,2021-04-03 09:43:13
2021-04-03 09:43:17,6559999.0,6560000.0,2021-04-03 09:43:16
2021-04-03 09:43:20,6559999.0,6560000.0,2021-04-03 09:43:20
2021-04-03 09:43:23,6559999.0,6560000.0,2021-04-03 09:43:23
2021-04-03 09:43:26,6559999.0,6560000.0,2021-04-03 09:43:26
2021-04-03 09:43:29,6559999.0,6560000.0,2021-04-03 09:43:29
2021-04-03 09:43:32,6559999.0,6560000.0,2021-04-03 09:43:32
2021-04-03 09:43:35,6559999.0,6560000.0,2021-04-03 09:43:35
2021-04-03 09:43:38,6559999.0,6560000.0,2021-04-03 09:43:38
2021-04-03 09:43:41,6559999.0,6560000.0,2021-04-03 09:43:41
2021-04-03 09:43:45,6559999.0,6560000.0,2021-04-03 09:43:44
2021-04-03 09:43:48,6559999.0,6560000.0,2021-04-03 09:43:48
2021-04-03 09:43:51,6559999.0,6560000.0,2021-04-03 09:43:51
2021-04-03 09:43:54,6559999.0,6560000.0,2021-04-03 09:43:54
2021-04-03 09:43:57,6559999.0,6560000.0,2021-04-03 09:43:57
2021-04-03 09:44:00,6559999.0,6560000.0,2021-04-03 09:44:00
2021-04-03 09:44:03,6559999.0,6560000.0,2021-04-03 09:44:03
2021-04-03 09:44:06,6559999.0,6560000.0,2021-04-03 09:44:06
2021-04-03 09:44:09,6559999.0,6560000.0,2021-04-03 09:44:09
2021-04-03 09:44:13,6559999.0,6560000.0,2021-04-03 09:44:13
2021-04-03 09:44:16,6559999.0,6560000.0,2021-04-03 09:44:16
2021-04-03 09:44:19,6559999.0,6560000.0,2021-04-03 09:44:19
2021-04-03 09:44:22,6559999.0,6560000.0,2021-04-03 09:44:22
2021-04-03 09:44:25,6559999.0,6560000.0,2021-04-03 09:44:25
2021-04-03 09:44:28,6559999.0,6560000.0,2021-04-03 09:44:28
2021-04-03 09:44:31,6559999.0,6560000.0,2021-04-03 09:44:31
2021-04-03 09:44:34,6559999.0,6560000.0,2021-04-03 09:44:34
2021-04-03 09:44:38,6559999.0,6560000.0,2021-04-03 09:44:37
2021-04-03 09:44:41,6559999.0,6560000.0,2021-04-03 09:44:41
2021-04-03 09:44:44,6559999.0,6560000.0,2021-04-03 09:44:44
2021-04-03 09:44:47,6559999.0,6560000.0,2021-04-03 09:44:47
2021-04-03 09:44:50,6559999.0,6560000.0,2021-04-03 09:44:50
2021-04-03 09:44:53,6559999.0,6560000.0,2021-04-03 09:44:53
2021-04-03 09:44:56,6559999.0,6560000.0,2021-04-03 09:44:56
2021-04-03 09:44:59,6559999.0,6560000.0,2021-04-03 09:44:59
2021-04-03 09:45:02,6559999.0,6560000.0,2021-04-03 09:45:02
2021-04-03 09:45:05,6559999.0,6560000.0,2021-04-03 09:45:05
2021-04-03 09:45:08,6559999.0,6560000.0,2021-04-03 09:45:08
2021-04-03 09:45:11,6559999.0,6560000.0,2021-04-03 09:45:11
2021-04-03 09:45:14,6559999.0,6560000.0,2021-04-03 09:45:14
2021-04-03 09:45:17,6559999.0,6560000.0,2021-04-03 09:45:17
2021-04-03 09:45:20,6560590.0,6565187.0,2021-04-03 09:45:20
2021-04-03 09:45:23,6566219.0,6566220.0,2021-04-03 09:45:23
2021-04-03 09:45:27,6566219.0,6566220.0,2021-04-03 09:45:27
2021-04-03 09:45:30,6566219.0,6566220.0,2021-04-03 09:45:30
2021-04-03 09:45:33,6566219.0,6566220.0,2021-04-03 09:45:33
2021-04-03 09:45:36,6566219.0,6566220.0,2021-04-03 09:45:36
2021-04-03 09:45:39,6566219.0,6566220.0,2021-04-03 09:45:39
2021-04-03 09:45:42,6566219.0,6566220.0,2021-04-03 09:45:42
2021-04-03 09:45:45,6566219.0,6566220.0,2021-04-03 09:45:45
2021-04-03 09:45:48,6566219.0,6566220.0,2021-04-03 09:45:48
2021-04-03 09:45:51,6566219.0,6566220.0,2021-04-03 09:45:51
2021-04-03 09:45:54,6566219.0,6566220.0,2021-04-03 09:45:54
2021-04-03 09:45:57,6566219.0,6566220.0,2021-04-03 09:45:57
2021-04-03 09:46:00,6566219.0,6566220.0,2021-04-03 09:46:00
2021-04-03 09:46:03,6566219.0,6566220.0,2021-04-03 09:46:03
2021-04-03 09:46:07,6566219.0,6566220.0,2021-04-03 09:46:06
2021-04-03 09:46:10,6566219.0,6566220.0,2021-04-03 09:46:10
2021-04-03 09:46:13,6566219.0,6566220.0,2021-04-03 09:46:13
2021-04-03 09:46:16,6566219.0,6566220.0,2021-04-03 09:46:16
2021-04-03 09:46:19,6566219.0,6566220.0,2021-04-03 09:46:19
2021-04-03 09:46:22,6566219.0,6566220.0,2021-04-03 09:46:22
2021-04-03 09:46:25,6566219.0,6566220.0,2021-04-03 09:46:25
2021-04-03 09:46:28,6566219.0,6566220.0,2021-04-03 09:46:28
2021-04-03 09:46:31,6566219.0,6566220.0,2021-04-03 09:46:31
2021-04-03 09:46:34,6566219.0,6566220.0,2021-04-03 09:46:34
2021-04-03 09:46:37,6566219.0,6566220.0,2021-04-03 09:46:37
2021-04-03 09:46:40,6566219.0,6566220.0,2021-04-03 09:46:40
2021-04-03 09:46:43,6566219.0,6566220.0,2021-04-03 09:46:43
2021-04-03 09:46:47,6566219.0,6566220.0,2021-04-03 09:46:47
2021-04-03 09:46:50,6566219.0,6566220.0,2021-04-03 09:46:50
2021-04-03 09:46:53,6562983.0,6564514.0,2021-04-03 09:46:53
2021-04-03 09:46:56,6562987.0,6563619.0,2021-04-03 09:46:56
2021-04-03 09:46:59,6562993.0,6563591.0,2021-04-03 09:46:59
2021-04-03 09:47:02,6562997.0,6563399.0,2021-04-03 09:47:02
2021-04-03 09:47:05,6562997.0,6563399.0,2021-04-03 09:47:05
2021-04-03 09:47:08,6562997.0,6563080.0,2021-04-03 09:47:08
2021-04-03 09:47:11,6562997.0,6563072.0,2021-04-03 09:47:11
2021-04-03 09:47:14,6562998.0,6563064.0,2021-04-03 09:47:14
2021-04-03 09:47:17,6562999.0,6563057.0,2021-04-03 09:47:17
2021-04-03 09:47:20,6563006.0,6563046.0,2021-04-03 09:47:20
2021-04-03 09:47:23,6563015.0,6563395.0,2021-04-03 09:47:23
2021-04-03 09:47:26,6563021.0,6563391.0,2021-04-03 09:47:26
2021-04-03 09:47:29,6563399.0,6563400.0,2021-04-03 09:47:29
2021-04-03 09:47:33,6563399.0,6563400.0,2021-04-03 09:47:33
2021-04-03 09:47:36,6563399.0,6563400.0,2021-04-03 09:47:36
2021-04-03 09:47:39,6563399.0,6563400.0,2021-04-03 09:47:39
2021-04-03 09:47:42,6563399.0,6563400.0,2021-04-03 09:47:42
2021-04-03 09:47:45,6563399.0,6563400.0,2021-04-03 09:47:45
2021-04-03 09:47:48,6563405.0,6565492.0,2021-04-03 09:47:48
2021-04-03 09:47:51,6563410.0,6565492.0,2021-04-03 09:47:51
2021-04-03 09:47:54,6563415.0,6565486.0,2021-04-03 09:47:54
2021-04-03 09:47:57,6563420.0,6565486.0,2021-04-03 09:47:57
2021-04-03 09:48:00,6563425.0,6565480.0,2021-04-03 09:48:00
2021-04-03 09:48:03,6559999.0,6560000.0,2021-04-03 09:48:03
2021-04-03 09:48:07,6559999.0,6560000.0,2021-04-03 09:48:07
2021-04-03 09:48:10,6559999.0,6560000.0,2021-04-03 09:48:10
2021-04-03 09:48:13,6559999.0,6560000.0,2021-04-03 09:48:13
2021-04-03 09:48:16,6559999.0,6560000.0,2021-04-03 09:48:16
2021-04-03 09:48:19,6559999.0,6560000.0,2021-04-03 09:48:19
2021-04-03 09:48:23,6559999.0,6560000.0,2021-04-03 09:48:23
2021-04-03 09:48:26,6559999.0,6560000.0,2021-04-03 09:48:26
2021-04-03 09:48:29,6559999.0,6560000.0,2021-04-03 09:48:29
2021-04-03 09:48:32,6559999.0,6560000.0,2021-04-03 09:48:32
2021-04-03 09:48:35,6559999.0,6560000.0,2021-04-03 09:48:35
2021-04-03 09:48:38,6559999.0,6560000.0,2021-04-03 09:48:38
2021-04-03 09:48:41,6559999.0,6560000.0,2021-04-03 09:48:41
2021-04-03 09:48:44,6559999.0,6560000.0,2021-04-03 09:48:44
2021-04-03 09:48:47,6559999.0,6560000.0,2021-04-03 09:48:47
2021-04-03 09:48:50,6559999.0,6560000.0,2021-04-03 09:48:50
2021-04-03 09:48:53,6559999.0,6560000.0,2021-04-03 09:48:53
2021-04-03 09:48:56,6559999.0,6560000.0,2021-04-03 09:48:56
2021-04-03 09:48:59,6559999.0,6560000.0,2021-04-03 09:48:59
2021-04-03 09:49:02,6559999.0,6560000.0,2021-04-03 09:49:02
2021-04-03 09:49:05,6559999.0,6560000.0,2021-04-03 09:49:05
2021-04-03 09:49:09,6559999.0,6560000.0,2021-04-03 09:49:09
2021-04-03 09:49:12,6559999.0,6560000.0,2021-04-03 09:49:12
2021-04-03 09:49:15,6559999.0,6560000.0,2021-04-03 09:49:15
2021-04-03 09:49:18,6559999.0,6560000.0,2021-04-03 09:49:18
2021-04-03 09:49:21,6559999.0,6560000.0,2021-04-03 09:49:21
2021-04-03 09:49:24,6559999.0,6560000.0,2021-04-03 09:49:24
2021-04-03 09:49:27,6559999.0,6560000.0,2021-04-03 09:49:27
2021-04-03 09:49:30,6559999.0,6560000.0,2021-04-03 09:49:30
2021-04-03 09:49:33,6559999.0,6560000.0,2021-04-03 09:49:33
2021-04-03 09:49:36,6559999.0,6560000.0,2021-04-03 09:49:36
2021-04-03 09:49:39,6559999.0,6560000.0,2021-04-03 09:49:39
2021-04-03 09:49:42,6559999.0,6560000.0,2021-04-03 09:49:42
2021-04-03 09:49:46,6559999.0,6560000.0,2021-04-03 09:49:46
2021-04-03 09:49:49,6559999.0,6560000.0,2021-04-03 09:49:49
2021-04-03 09:49:52,6559999.0,6560000.0,2021-04-03 09:49:52
2021-04-03 09:49:55,6559999.0,6560000.0,2021-04-03 09:49:55
2021-04-03 09:49:58,6559999.0,6567118.0,2021-04-03 09:49:58
2021-04-03 09:50:01,6561258.0,6567118.0,2021-04-03 09:50:01
2021-04-03 09:50:04,6562239.0,6567116.0,2021-04-03 09:50:04
2021-04-03 09:50:07,6562248.0,6567107.0,2021-04-03 09:50:07
2021-04-03 09:50:10,6562256.0,6567102.0,2021-04-03 09:50:10
2021-04-03 09:50:13,6562266.0,6567098.0,2021-04-03 09:50:13
2021-04-03 09:50:16,6562355.0,6567092.0,2021-04-03 09:50:16
2021-04-03 09:50:19,6562359.0,6567059.0,2021-04-03 09:50:19
2021-04-03 09:50:22,6562359.0,6567057.0,2021-04-03 09:50:22
2021-04-03 09:50:25,6562359.0,6567048.0,2021-04-03 09:50:25
2021-04-03 09:50:28,6562359.0,6567040.0,2021-04-03 09:50:28
2021-04-03 09:50:31,6562371.0,6562882.0,2021-04-03 09:50:31
2021-04-03 09:50:34,6562371.0,6565055.0,2021-04-03 09:50:34
2021-04-03 09:50:37,6562371.0,6565049.0,2021-04-03 09:50:37
2021-04-03 09:50:40,6562372.0,6562881.0,2021-04-03 09:50:40
2021-04-03 09:50:44,6561598.0,6561599.0,2021-04-03 09:50:43
2021-04-03 09:50:47,6560010.0,6561591.0,2021-04-03 09:50:47
2021-04-03 09:50:50,6560010.0,6561586.0,2021-04-03 09:50:50
2021-04-03 09:50:53,6560010.0,6561582.0,2021-04-03 09:50:53
2021-04-03 09:50:56,6560012.0,6561578.0,2021-04-03 09:50:56
2021-04-03 09:50:59,6560018.0,6561576.0,2021-04-03 09:50:59
2021-04-03 09:51:02,6560021.0,6561574.0,2021-04-03 09:51:02
2021-04-03 09:51:05,6560470.0,6561572.0,2021-04-03 09:51:05
2021-04-03 09:51:08,6560482.0,6562861.0,2021-04-03 09:51:08
2021-04-03 09:51:11,6560489.0,6562861.0,2021-04-03 09:51:11
2021-04-03 09:51:15,6561096.0,6562861.0,2021-04-03 09:51:14
2021-04-03 09:51:18,6561103.0,6562859.0,2021-04-03 09:51:18
2021-04-03 09:51:21,6561240.0,6562852.0,2021-04-03 09:51:21
2021-04-03 09:51:24,6561296.0,6564967.0,2021-04-03 09:51:24
2021-04-03 09:51:27,6561541.0,6564963.0,2021-04-03 09:51:27
2021-04-03 09:51:30,6561543.0,6564962.0,2021-04-03 09:51:30
2021-04-03 09:51:33,6561543.0,6564958.0,2021-04-03 09:51:33
2021-04-03 09:51:36,6560363.0,6562922.0,2021-04-03 09:51:36
2021-04-03 09:51:39,6560367.0,6562437.0,2021-04-03 09:51:39
2021-04-03 09:51:42,6560714.0,6562919.0,2021-04-03 09:51:42
2021-04-03 09:51:45,6560719.0,6562914.0,2021-04-03 09:51:45
2021-04-03 09:51:48,6561551.0,6562905.0,2021-04-03 09:51:48
2021-04-03 09:51:51,6562242.0,6562897.0,2021-04-03 09:51:51
2021-04-03 09:51:54,6562795.0,6564132.0,2021-04-03 09:51:54
2021-04-03 09:51:57,6563299.0,6564124.0,2021-04-03 09:51:57
2021-04-03 09:52:00,6563307.0,6564118.0,2021-04-03 09:52:00
2021-04-03 09:52:03,6563314.0,6565297.0,2021-04-03 09:52:03
2021-04-03 09:52:07,6563323.0,6565183.0,2021-04-03 09:52:06
2021-04-03 09:52:10,6563446.0,6564791.0,2021-04-03 09:52:10
2021-04-03 09:52:13,6563454.0,6565141.0,2021-04-03 09:52:13
2021-04-03 09:52:16,6563461.0,6564780.0,2021-04-03 09:52:16
2021-04-03 09:52:19,6563466.0,6564755.0,2021-04-03 09:52:19
2021-04-03 09:52:22,6563473.0,6564749.0,2021-04-03 09:52:22
2021-04-03 09:52:25,6563479.0,6564694.0,2021-04-03 09:52:25
2021-04-03 09:52:28,6563485.0,6564692.0,2021-04-03 09:52:28
2021-04-03 09:52:31,6563515.0,6564195.0,2021-04-03 09:52:31
2021-04-03 09:52:34,6563734.0,6564190.0,2021-04-03 09:52:34
2021-04-03 09:52:37,6563734.0,6564184.0,2021-04-03 09:52:37
2021-04-03 09:52:40,6563737.0,6564178.0,2021-04-03 09:52:40
2021-04-03 09:52:43,6563740.0,6564896.0,2021-04-03 09:52:43
2021-04-03 09:52:46,6563744.0,6564814.0,2021-04-03 09:52:46
2021-04-03 09:52:49,6563745.0,6564342.0,2021-04-03 09:52:49
2021-04-03 09:52:52,6563745.0,6564142.0,2021-04-03 09:52:52
2021-04-03 09:52:55,6563746.0,6564680.0,2021-04-03 09:52:55
2021-04-03 09:52:58,6563746.0,6564672.0,2021-04-03 09:52:58
2021-04-03 09:53:01,6563746.0,6564620.0,2021-04-03 09:53:01
2021-04-03 09:53:05,6563746.0,6564620.0,2021-04-03 09:53:04
2021-04-03 09:53:08,6565928.0,6566456.0,2021-04-03 09:53:08
2021-04-03 09:53:11,6565930.0,6566963.0,2021-04-03 09:53:11
2021-04-03 09:53:14,6565930.0,6566855.0,2021-04-03 09:53:14
2021-04-03 09:53:17,6566167.0,6566855.0,2021-04-03 09:53:17
2021-04-03 09:53:20,6566171.0,6566855.0,2021-04-03 09:53:20
2021-04-03 09:53:23,6566171.0,6566831.0,2021-04-03 09:53:23
2021-04-03 09:53:26,6566171.0,6566746.0,2021-04-03 09:53:26
2021-04-03 09:53:29,6566171.0,6566741.0,2021-04-03 09:53:29
2021-04-03 09:53:32,6566171.0,6566741.0,2021-04-03 09:53:32
2021-04-03 09:53:36,6566171.0,6566231.0,2021-04-03 09:53:35
2021-04-03 09:53:39,6566171.0,6566878.0,2021-04-03 09:53:39
2021-04-03 09:53:42,6566176.0,6566868.0,2021-04-03 09:53:42
2021-04-03 09:53:45,6566178.0,6566865.0,2021-04-03 09:53:45
2021-04-03 09:53:48,6566178.0,6567301.0,2021-04-03 09:53:48
2021-04-03 09:53:51,6567324.0,6567325.0,2021-04-03 09:53:51
2021-04-03 09:53:54,6567995.0,6568000.0,2021-04-03 09:53:54
2021-04-03 09:53:57,6568009.0,6568010.0,2021-04-03 09:53:57
2021-04-03 09:54:00,6568241.0,6569426.0,2021-04-03 09:54:00
2021-04-03 09:54:03,6569425.0,6569426.0,2021-04-03 09:54:03
2021-04-03 09:54:06,6569425.0,6569426.0,2021-04-03 09:54:06
2021-04-03 09:54:09,6569920.0,6569921.0,2021-04-03 09:54:09
2021-04-03 09:54:12,6569920.0,6569921.0,2021-04-03 09:54:12
2021-04-03 09:54:15,6569920.0,6569995.0,2021-04-03 09:54:15
2021-04-03 09:54:18,6569994.0,6569995.0,2021-04-03 09:54:18
2021-04-03 09:54:21,6569990.0,6569993.0,2021-04-03 09:54:21
2021-04-03 09:54:24,6569993.0,6569994.0,2021-04-03 09:54:24
2021-04-03 09:54:27,6569993.0,6569994.0,2021-04-03 09:54:27
2021-04-03 09:54:30,6569993.0,6569995.0,2021-04-03 09:54:30
2021-04-03 09:54:33,6569993.0,6569994.0,2021-04-03 09:54:33
2021-04-03 09:54:36,6569992.0,6569994.0,2021-04-03 09:54:36
2021-04-03 09:54:40,6569424.0,6569993.0,2021-04-03 09:54:39
2021-04-03 09:54:43,6569932.0,6569986.0,2021-04-03 09:54:43
2021-04-03 09:54:46,6569994.0,6569995.0,2021-04-03 09:54:46
2021-04-03 09:54:49,6569994.0,6569995.0,2021-04-03 09:54:49
2021-04-03 09:54:52,6569994.0,6569995.0,2021-04-03 09:54:52
2021-04-03 09:54:55,6569994.0,6569995.0,2021-04-03 09:54:55
2021-04-03 09:54:58,6569994.0,6569995.0,2021-04-03 09:54:58
2021-04-03 09:55:01,6569424.0,6569919.0,2021-04-03 09:55:01
2021-04-03 09:55:04,6569424.0,6569910.0,2021-04-03 09:55:04
2021-04-03 09:55:08,6569903.0,6569905.0,2021-04-03 09:55:07
2021-04-03 09:55:11,6569903.0,6569904.0,2021-04-03 09:55:11
2021-04-03 09:55:14,6569903.0,6569904.0,2021-04-03 09:55:14
2021-04-03 09:55:17,6569903.0,6569904.0,2021-04-03 09:55:17
2021-04-03 09:55:20,6569903.0,6569904.0,2021-04-03 09:55:20
2021-04-03 09:55:23,6569903.0,6569904.0,2021-04-03 09:55:23
2021-04-03 09:55:26,6569903.0,6569904.0,2021-04-03 09:55:26
2021-04-03 09:55:29,6569903.0,6569904.0,2021-04-03 09:55:29
2021-04-03 09:55:32,6569904.0,6569995.0,2021-04-03 09:55:32
2021-04-03 09:55:36,6569994.0,6569995.0,2021-04-03 09:55:35
2021-04-03 09:55:39,6569994.0,6569995.0,2021-04-03 09:55:39
2021-04-03 09:55:42,6569994.0,6569995.0,2021-04-03 09:55:42
2021-04-03 09:55:45,6569994.0,6569995.0,2021-04-03 09:55:45
2021-04-03 09:55:48,6569994.0,6569995.0,2021-04-03 09:55:48
2021-04-03 09:55:51,6569994.0,6569995.0,2021-04-03 09:55:51
2021-04-03 09:55:54,6569994.0,6569995.0,2021-04-03 09:55:54
2021-04-03 09:55:57,6569994.0,6569995.0,2021-04-03 09:55:57
2021-04-03 09:56:00,6569994.0,6569995.0,2021-04-03 09:56:00
2021-04-03 09:56:03,6569994.0,6569995.0,2021-04-03 09:56:03
2021-04-03 09:56:06,6569994.0,6569995.0,2021-04-03 09:56:06
2021-04-03 09:56:09,6569994.0,6569995.0,2021-04-03 09:56:09
2021-04-03 09:56:12,6569994.0,6569995.0,2021-04-03 09:56:12
2021-04-03 09:56:15,6569994.0,6569995.0,2021-04-03 09:56:15
2021-04-03 09:56:18,6569994.0,6569995.0,2021-04-03 09:56:18
2021-04-03 09:56:21,6569994.0,6569995.0,2021-04-03 09:56:21
2021-04-03 09:56:24,6569994.0,6569995.0,2021-04-03 09:56:24
2021-04-03 09:56:27,6569996.0,6569998.0,2021-04-03 09:56:27
2021-04-03 09:56:30,6569997.0,6569998.0,2021-04-03 09:56:30
2021-04-03 09:56:33,6569997.0,6569998.0,2021-04-03 09:56:33
2021-04-03 09:56:37,6569997.0,6569998.0,2021-04-03 09:56:36
2021-04-03 09:56:40,6570008.0,6570009.0,2021-04-03 09:56:40
2021-04-03 09:56:43,6571048.0,6571049.0,2021-04-03 09:56:43
2021-04-03 09:56:46,6571048.0,6571049.0,2021-04-03 09:56:46
2021-04-03 09:56:49,6571048.0,6571049.0,2021-04-03 09:56:49
2021-04-03 09:56:52,6571993.0,6571994.0,2021-04-03 09:56:52
2021-04-03 09:56:55,6571993.0,6571994.0,2021-04-03 09:56:55
2021-04-03 09:56:58,6571993.0,6571994.0,2021-04-03 09:56:58
2021-04-03 09:57:01,6571993.0,6571994.0,2021-04-03 09:57:01
2021-04-03 09:57:04,6571993.0,6571994.0,2021-04-03 09:57:04
2021-04-03 09:57:07,6571993.0,6571994.0,2021-04-03 09:57:07
2021-04-03 09:57:10,6571993.0,6571994.0,2021-04-03 09:57:10
2021-04-03 09:57:13,6571994.0,6573000.0,2021-04-03 09:57:13
2021-04-03 09:57:16,6572999.0,6573000.0,2021-04-03 09:57:16
2021-04-03 09:57:19,6572999.0,6573000.0,2021-04-03 09:57:19
2021-04-03 09:57:22,6572999.0,6573000.0,2021-04-03 09:57:22
2021-04-03 09:57:25,6572999.0,6573000.0,2021-04-03 09:57:25
2021-04-03 09:57:29,6572999.0,6573000.0,2021-04-03 09:57:28
2021-04-03 09:57:32,6572999.0,6573000.0,2021-04-03 09:57:32
2021-04-03 09:57:35,6572999.0,6573000.0,2021-04-03 09:57:35
2021-04-03 09:57:38,6572999.0,6573000.0,2021-04-03 09:57:38
2021-04-03 09:57:41,6572999.0,6573000.0,2021-04-03 09:57:41
2021-04-03 09:57:44,6572999.0,6573000.0,2021-04-03 09:57:44
2021-04-03 09:57:47,6572999.0,6573000.0,2021-04-03 09:57:47
2021-04-03 09:57:50,6572999.0,6573000.0,2021-04-03 09:57:50
2021-04-03 09:57:53,6572999.0,6573000.0,2021-04-03 09:57:53
2021-04-03 09:57:56,6572999.0,6573000.0,2021-04-03 09:57:56
2021-04-03 09:57:59,6572999.0,6573000.0,2021-04-03 09:57:59
2021-04-03 09:58:02,6572999.0,6573000.0,2021-04-03 09:58:02
2021-04-03 09:58:05,6572999.0,6574408.0,2021-04-03 09:58:05
2021-04-03 09:58:08,6574443.0,6574444.0,2021-04-03 09:58:08
2021-04-03 09:58:11,6574993.0,6575000.0,2021-04-03 09:58:11
2021-04-03 09:58:14,6574999.0,6575000.0,2021-04-03 09:58:14
2021-04-03 09:58:17,6575003.0,6575008.0,2021-04-03 09:58:17
2021-04-03 09:58:20,6575013.0,6575014.0,2021-04-03 09:58:20
2021-04-03 09:58:23,6575013.0,6575014.0,2021-04-03 09:58:23
2021-04-03 09:58:27,6575999.0,6576000.0,2021-04-03 09:58:26
2021-04-03 09:58:30,6575999.0,6576000.0,2021-04-03 09:58:30
2021-04-03 09:58:33,6575999.0,6577135.0,2021-04-03 09:58:33
2021-04-03 09:58:36,6577135.0,6577136.0,2021-04-03 09:58:36
2021-04-03 09:58:39,6574564.0,6576802.0,2021-04-03 09:58:39
2021-04-03 09:58:42,6576800.0,6576801.0,2021-04-03 09:58:42
2021-04-03 09:58:45,6576812.0,6576813.0,2021-04-03 09:58:45
2021-04-03 09:58:48,6577503.0,6577504.0,2021-04-03 09:58:48
2021-04-03 09:58:51,6577503.0,6577504.0,2021-04-03 09:58:51
2021-04-03 09:58:54,6577503.0,6577504.0,2021-04-03 09:58:54
2021-04-03 09:58:58,6578039.0,6578040.0,2021-04-03 09:58:57
2021-04-03 09:59:01,6578039.0,6578040.0,2021-04-03 09:59:01
2021-04-03 09:59:04,6578039.0,6578040.0,2021-04-03 09:59:04
2021-04-03 09:59:07,6578039.0,6578040.0,2021-04-03 09:59:07
2021-04-03 09:59:10,6578040.0,6578088.0,2021-04-03 09:59:10
2021-04-03 09:59:13,6578091.0,6578092.0,2021-04-03 09:59:13
2021-04-03 09:59:16,6578091.0,6578092.0,2021-04-03 09:59:16
2021-04-03 09:59:19,6578091.0,6578092.0,2021-04-03 09:59:19
2021-04-03 09:59:22,6578091.0,6578092.0,2021-04-03 09:59:22
2021-04-03 09:59:25,6578091.0,6578092.0,2021-04-03 09:59:25
2021-04-03 09:59:28,6578091.0,6578092.0,2021-04-03 09:59:28
2021-04-03 09:59:31,6578750.0,6578751.0,2021-04-03 09:59:31
2021-04-03 09:59:34,6578750.0,6578751.0,2021-04-03 09:59:34
2021-04-03 09:59:37,6579482.0,6579483.0,2021-04-03 09:59:37
2021-04-03 09:59:40,6579482.0,6579483.0,2021-04-03 09:59:40
2021-04-03 09:59:43,6579482.0,6579483.0,2021-04-03 09:59:43
2021-04-03 09:59:46,6579482.0,6579483.0,2021-04-03 09:59:46
2021-04-03 09:59:49,6579482.0,6579483.0,2021-04-03 09:59:49
2021-04-03 09:59:52,6579482.0,6579483.0,2021-04-03 09:59:52
2021-04-03 09:59:55,6579482.0,6579483.0,2021-04-03 09:59:55
2021-04-03 09:59:59,6579482.0,6579483.0,2021-04-03 09:59:58
2021-04-03 10:00:02,6579482.0,6579483.0,2021-04-03 10:00:02
2021-04-03 10:00:05,6579482.0,6579483.0,2021-04-03 10:00:05
2021-04-03 10:00:08,6579482.0,6579483.0,2021-04-03 10:00:08
2021-04-03 10:00:11,6579482.0,6579483.0,2021-04-03 10:00:11
2021-04-03 10:00:15,6579482.0,6579483.0,2021-04-03 10:00:14
2021-04-03 10:00:18,6579482.0,6579483.0,2021-04-03 10:00:18
2021-04-03 10:00:21,6578040.0,6578041.0,2021-04-03 10:00:21
2021-04-03 10:00:24,6578040.0,6578041.0,2021-04-03 10:00:24
2021-04-03 10:00:27,6578040.0,6578041.0,2021-04-03 10:00:27
2021-04-03 10:00:30,6570999.0,6571000.0,2021-04-03 10:00:30
2021-04-03 10:00:33,6570999.0,6571000.0,2021-04-03 10:00:33
2021-04-03 10:00:36,6571091.0,6571567.0,2021-04-03 10:00:36
2021-04-03 10:00:39,6571563.0,6571567.0,2021-04-03 10:00:39
2021-04-03 10:00:42,6572279.0,6573933.0,2021-04-03 10:00:42
2021-04-03 10:00:45,6573405.0,6573933.0,2021-04-03 10:00:45
2021-04-03 10:00:48,6573413.0,6573933.0,2021-04-03 10:00:48
2021-04-03 10:00:51,6573419.0,6573933.0,2021-04-03 10:00:51
2021-04-03 10:00:54,6573730.0,6575882.0,2021-04-03 10:00:54
2021-04-03 10:00:57,6575576.0,6575881.0,2021-04-03 10:00:57
2021-04-03 10:01:00,6575583.0,6575881.0,2021-04-03 10:01:00
2021-04-03 10:01:03,6575590.0,6575880.0,2021-04-03 10:01:03
2021-04-03 10:01:06,6575596.0,6575877.0,2021-04-03 10:01:06
2021-04-03 10:01:10,6575600.0,6575877.0,2021-04-03 10:01:09
2021-04-03 10:01:13,6575599.0,6575600.0,2021-04-03 10:01:13
2021-04-03 10:01:16,6575599.0,6575600.0,2021-04-03 10:01:16
2021-04-03 10:01:19,6575599.0,6575600.0,2021-04-03 10:01:19
2021-04-03 10:01:22,6575599.0,6575600.0,2021-04-03 10:01:22
2021-04-03 10:01:25,6575599.0,6575600.0,2021-04-03 10:01:25
2021-04-03 10:01:28,6575599.0,6575600.0,2021-04-03 10:01:28
2021-04-03 10:01:31,6575599.0,6575600.0,2021-04-03 10:01:31
2021-04-03 10:01:34,6575599.0,6575600.0,2021-04-03 10:01:34
2021-04-03 10:01:37,6575599.0,6575600.0,2021-04-03 10:01:37
2021-04-03 10:01:40,6575599.0,6575600.0,2021-04-03 10:01:40
2021-04-03 10:01:43,6575599.0,6575600.0,2021-04-03 10:01:43
2021-04-03 10:01:46,6575599.0,6575600.0,2021-04-03 10:01:46
2021-04-03 10:01:49,6576000.0,6576001.0,2021-04-03 10:01:49
2021-04-03 10:01:52,6576000.0,6576001.0,2021-04-03 10:01:52
2021-04-03 10:01:55,6576000.0,6576001.0,2021-04-03 10:01:55
2021-04-03 10:01:58,6576000.0,6576001.0,2021-04-03 10:01:58
2021-04-03 10:02:01,6576000.0,6576001.0,2021-04-03 10:02:01
2021-04-03 10:02:04,6576000.0,6576001.0,2021-04-03 10:02:04
2021-04-03 10:02:07,6576000.0,6576001.0,2021-04-03 10:02:07
2021-04-03 10:02:10,6576000.0,6576001.0,2021-04-03 10:02:10
2021-04-03 10:02:14,6576000.0,6576001.0,2021-04-03 10:02:13
2021-04-03 10:02:17,6576000.0,6576001.0,2021-04-03 10:02:17
2021-04-03 10:02:20,6576000.0,6576001.0,2021-04-03 10:02:20
2021-04-03 10:02:23,6576000.0,6576001.0,2021-04-03 10:02:23
2021-04-03 10:02:26,6576000.0,6576001.0,2021-04-03 10:02:26
2021-04-03 10:02:29,6576000.0,6576001.0,2021-04-03 10:02:29
2021-04-03 10:02:32,6576000.0,6576001.0,2021-04-03 10:02:32
2021-04-03 10:02:35,6576000.0,6576001.0,2021-04-03 10:02:35
2021-04-03 10:02:38,6576000.0,6576001.0,2021-04-03 10:02:38
2021-04-03 10:02:41,6576000.0,6576001.0,2021-04-03 10:02:41
2021-04-03 10:02:44,6576000.0,6576001.0,2021-04-03 10:02:44
2021-04-03 10:02:47,6576000.0,6576001.0,2021-04-03 10:02:47
2021-04-03 10:02:50,6576000.0,6576001.0,2021-04-03 10:02:50
2021-04-03 10:02:53,6576000.0,6576001.0,2021-04-03 10:02:53
2021-04-03 10:02:56,6576000.0,6576001.0,2021-04-03 10:02:56
2021-04-03 10:03:00,6576000.0,6576001.0,2021-04-03 10:02:59
2021-04-03 10:03:03,6576000.0,6576001.0,2021-04-03 10:03:03
2021-04-03 10:03:06,6576000.0,6576001.0,2021-04-03 10:03:06
2021-04-03 10:03:09,6576000.0,6576001.0,2021-04-03 10:03:09
2021-04-03 10:03:12,6576000.0,6576001.0,2021-04-03 10:03:12
2021-04-03 10:03:15,6576000.0,6576001.0,2021-04-03 10:03:15
2021-04-03 10:03:18,6576000.0,6576001.0,2021-04-03 10:03:18
2021-04-03 10:03:21,6576000.0,6576001.0,2021-04-03 10:03:21
2021-04-03 10:03:24,6576000.0,6576001.0,2021-04-03 10:03:24
2021-04-03 10:03:27,6576000.0,6576001.0,2021-04-03 10:03:27
2021-04-03 10:03:30,6576000.0,6576001.0,2021-04-03 10:03:30
2021-04-03 10:03:33,6576000.0,6576001.0,2021-04-03 10:03:33
2021-04-03 10:03:36,6576000.0,6576001.0,2021-04-03 10:03:36
2021-04-03 10:03:39,6576000.0,6576001.0,2021-04-03 10:03:39
2021-04-03 10:03:42,6576000.0,6576001.0,2021-04-03 10:03:42
2021-04-03 10:03:45,6576000.0,6576001.0,2021-04-03 10:03:45
2021-04-03 10:03:49,6576000.0,6576001.0,2021-04-03 10:03:48
2021-04-03 10:03:52,6576000.0,6576001.0,2021-04-03 10:03:52
2021-04-03 10:03:55,6576000.0,6576001.0,2021-04-03 10:03:55
2021-04-03 10:03:58,6576000.0,6576001.0,2021-04-03 10:03:58
2021-04-03 10:04:01,6576000.0,6576001.0,2021-04-03 10:04:01
2021-04-03 10:04:04,6576000.0,6576001.0,2021-04-03 10:04:04
2021-04-03 10:04:07,6576000.0,6576001.0,2021-04-03 10:04:07
2021-04-03 10:04:10,6576000.0,6576001.0,2021-04-03 10:04:10
2021-04-03 10:04:13,6576000.0,6576001.0,2021-04-03 10:04:13
2021-04-03 10:04:16,6576000.0,6576001.0,2021-04-03 10:04:16
2021-04-03 10:04:19,6576000.0,6576001.0,2021-04-03 10:04:19
2021-04-03 10:04:22,6576000.0,6576001.0,2021-04-03 10:04:22
2021-04-03 10:04:25,6576000.0,6576001.0,2021-04-03 10:04:25
2021-04-03 10:04:28,6576000.0,6576001.0,2021-04-03 10:04:28
2021-04-03 10:04:31,6576000.0,6576001.0,2021-04-03 10:04:31
2021-04-03 10:04:34,6576000.0,6576001.0,2021-04-03 10:04:34
2021-04-03 10:04:37,6576000.0,6576001.0,2021-04-03 10:04:37
2021-04-03 10:04:40,6576000.0,6576001.0,2021-04-03 10:04:40
2021-04-03 10:04:43,6576000.0,6576001.0,2021-04-03 10:04:43
2021-04-03 10:04:47,6576000.0,6576001.0,2021-04-03 10:04:46
2021-04-03 10:04:50,6576000.0,6576001.0,2021-04-03 10:04:50
2021-04-03 10:04:53,6576000.0,6576001.0,2021-04-03 10:04:53
2021-04-03 10:04:56,6576000.0,6576001.0,2021-04-03 10:04:56
2021-04-03 10:04:59,6576000.0,6576001.0,2021-04-03 10:04:59
2021-04-03 10:05:02,6576000.0,6576001.0,2021-04-03 10:05:02
2021-04-03 10:05:05,6576000.0,6576001.0,2021-04-03 10:05:05
2021-04-03 10:05:08,6576000.0,6576001.0,2021-04-03 10:05:08
2021-04-03 10:05:11,6576000.0,6576001.0,2021-04-03 10:05:11
2021-04-03 10:05:14,6576000.0,6576001.0,2021-04-03 10:05:14
2021-04-03 10:05:17,6576000.0,6576001.0,2021-04-03 10:05:17
2021-04-03 10:05:20,6576000.0,6576001.0,2021-04-03 10:05:20
2021-04-03 10:05:23,6576000.0,6576001.0,2021-04-03 10:05:23
2021-04-03 10:05:26,6576000.0,6576001.0,2021-04-03 10:05:26
2021-04-03 10:05:29,6576000.0,6576001.0,2021-04-03 10:05:29
2021-04-03 10:05:32,6576000.0,6576001.0,2021-04-03 10:05:32
2021-04-03 10:05:35,6576000.0,6576001.0,2021-04-03 10:05:35
2021-04-03 10:05:38,6576000.0,6576001.0,2021-04-03 10:05:38
2021-04-03 10:05:42,6576000.0,6576001.0,2021-04-03 10:05:41
2021-04-03 10:05:45,6576000.0,6576001.0,2021-04-03 10:05:45
2021-04-03 10:05:48,6576000.0,6576001.0,2021-04-03 10:05:48
2021-04-03 10:05:51,6576000.0,6576001.0,2021-04-03 10:05:51
2021-04-03 10:05:54,6576000.0,6576001.0,2021-04-03 10:05:54
2021-04-03 10:05:57,6576000.0,6576001.0,2021-04-03 10:05:57
2021-04-03 10:06:00,6576000.0,6576001.0,2021-04-03 10:06:00
2021-04-03 10:06:03,6576000.0,6576001.0,2021-04-03 10:06:03
2021-04-03 10:06:06,6576000.0,6576001.0,2021-04-03 10:06:06
2021-04-03 10:06:09,6576000.0,6576001.0,2021-04-03 10:06:09
2021-04-03 10:06:12,6576000.0,6576001.0,2021-04-03 10:06:12
2021-04-03 10:06:15,6576000.0,6576001.0,2021-04-03 10:06:15
2021-04-03 10:06:18,6576000.0,6576001.0,2021-04-03 10:06:18
2021-04-03 10:06:21,6576000.0,6576001.0,2021-04-03 10:06:21
2021-04-03 10:06:24,6576000.0,6576001.0,2021-04-03 10:06:24
2021-04-03 10:06:27,6576000.0,6576001.0,2021-04-03 10:06:27
2021-04-03 10:06:30,6576000.0,6576001.0,2021-04-03 10:06:30
2021-04-03 10:06:33,6576000.0,6576001.0,2021-04-03 10:06:33
2021-04-03 10:06:36,6576001.0,6576002.0,2021-04-03 10:06:36
2021-04-03 10:06:39,6576006.0,6577001.0,2021-04-03 10:06:39
2021-04-03 10:06:43,6576008.0,6577000.0,2021-04-03 10:06:42
2021-04-03 10:06:46,6576014.0,6576998.0,2021-04-03 10:06:46
2021-04-03 10:06:49,6576019.0,6576994.0,2021-04-03 10:06:49
2021-04-03 10:06:52,6576025.0,6576992.0,2021-04-03 10:06:52
2021-04-03 10:06:55,6576031.0,6576991.0,2021-04-03 10:06:55
2021-04-03 10:06:58,6576037.0,6576988.0,2021-04-03 10:06:58
2021-04-03 10:07:01,6576037.0,6576768.0,2021-04-03 10:07:01
2021-04-03 10:07:04,6576037.0,6576763.0,2021-04-03 10:07:04
2021-04-03 10:07:07,6576037.0,6576755.0,2021-04-03 10:07:07
2021-04-03 10:07:10,6576037.0,6576752.0,2021-04-03 10:07:10
2021-04-03 10:07:13,6576037.0,6576745.0,2021-04-03 10:07:13
2021-04-03 10:07:16,6576037.0,6576736.0,2021-04-03 10:07:16
2021-04-03 10:07:19,6576037.0,6576729.0,2021-04-03 10:07:19
2021-04-03 10:07:22,6576037.0,6576722.0,2021-04-03 10:07:22
2021-04-03 10:07:25,6576037.0,6576710.0,2021-04-03 10:07:25
2021-04-03 10:07:28,6576037.0,6576704.0,2021-04-03 10:07:28
2021-04-03 10:07:31,6576037.0,6576696.0,2021-04-03 10:07:31
2021-04-03 10:07:35,6576037.0,6576038.0,2021-04-03 10:07:34
2021-04-03 10:07:38,6576037.0,6576038.0,2021-04-03 10:07:38
2021-04-03 10:07:41,6576037.0,6576038.0,2021-04-03 10:07:41
2021-04-03 10:07:44,6576037.0,6576038.0,2021-04-03 10:07:44
2021-04-03 10:07:47,6576037.0,6576038.0,2021-04-03 10:07:47
2021-04-03 10:07:50,6576037.0,6576038.0,2021-04-03 10:07:50
2021-04-03 10:07:53,6576037.0,6576038.0,2021-04-03 10:07:53
2021-04-03 10:07:56,6576037.0,6576038.0,2021-04-03 10:07:56
2021-04-03 10:07:59,6576037.0,6576038.0,2021-04-03 10:07:59
2021-04-03 10:08:02,6576037.0,6576038.0,2021-04-03 10:08:02
2021-04-03 10:08:05,6576037.0,6576038.0,2021-04-03 10:08:05
2021-04-03 10:08:08,6576037.0,6576038.0,2021-04-03 10:08:08
2021-04-03 10:08:11,6576037.0,6576038.0,2021-04-03 10:08:11
2021-04-03 10:08:14,6576037.0,6576038.0,2021-04-03 10:08:14
2021-04-03 10:08:17,6576037.0,6576038.0,2021-04-03 10:08:17
2021-04-03 10:08:20,6576037.0,6576038.0,2021-04-03 10:08:20
2021-04-03 10:08:24,6576037.0,6576038.0,2021-04-03 10:08:23
2021-04-03 10:08:27,6576037.0,6576038.0,2021-04-03 10:08:27
2021-04-03 10:08:30,6576000.0,6576038.0,2021-04-03 10:08:30
2021-04-03 10:08:33,6576000.0,6576001.0,2021-04-03 10:08:33
2021-04-03 10:08:36,6576000.0,6576001.0,2021-04-03 10:08:36
2021-04-03 10:08:39,6576000.0,6576001.0,2021-04-03 10:08:39
2021-04-03 10:08:42,6576000.0,6576001.0,2021-04-03 10:08:42
2021-04-03 10:08:45,6576000.0,6576001.0,2021-04-03 10:08:45
2021-04-03 10:08:48,6576000.0,6576001.0,2021-04-03 10:08:48
2021-04-03 10:08:51,6571000.0,6574962.0,2021-04-03 10:08:51
2021-04-03 10:08:54,6571000.0,6571001.0,2021-04-03 10:08:54
2021-04-03 10:08:57,6571000.0,6571001.0,2021-04-03 10:08:57
2021-04-03 10:09:00,6571000.0,6571001.0,2021-04-03 10:09:00
2021-04-03 10:09:03,6571000.0,6571001.0,2021-04-03 10:09:03
2021-04-03 10:09:06,6571000.0,6571001.0,2021-04-03 10:09:06
2021-04-03 10:09:09,6571000.0,6571001.0,2021-04-03 10:09:09
2021-04-03 10:09:12,6571000.0,6571001.0,2021-04-03 10:09:12
2021-04-03 10:09:15,6571000.0,6571001.0,2021-04-03 10:09:15
2021-04-03 10:09:18,6571000.0,6571001.0,2021-04-03 10:09:18
2021-04-03 10:09:21,6569903.0,6569904.0,2021-04-03 10:09:21
2021-04-03 10:09:24,6569903.0,6569904.0,2021-04-03 10:09:24
2021-04-03 10:09:28,6569903.0,6569904.0,2021-04-03 10:09:27
2021-04-03 10:09:31,6569903.0,6569904.0,2021-04-03 10:09:31
2021-04-03 10:09:34,6569903.0,6569904.0,2021-04-03 10:09:34
2021-04-03 10:09:37,6569903.0,6569904.0,2021-04-03 10:09:37
2021-04-03 10:09:40,6569903.0,6569904.0,2021-04-03 10:09:40
2021-04-03 10:09:43,6569903.0,6569904.0,2021-04-03 10:09:43
2021-04-03 10:09:46,6569903.0,6569904.0,2021-04-03 10:09:46
2021-04-03 10:09:49,6569903.0,6569904.0,2021-04-03 10:09:49
2021-04-03 10:09:52,6569903.0,6569904.0,2021-04-03 10:09:52
2021-04-03 10:09:55,6569903.0,6569904.0,2021-04-03 10:09:55
2021-04-03 10:09:58,6569903.0,6569904.0,2021-04-03 10:09:58
2021-04-03 10:10:01,6569903.0,6569904.0,2021-04-03 10:10:01
2021-04-03 10:10:04,6569903.0,6569904.0,2021-04-03 10:10:04
2021-04-03 10:10:07,6569903.0,6569904.0,2021-04-03 10:10:07
2021-04-03 10:10:10,6569903.0,6569904.0,2021-04-03 10:10:10
2021-04-03 10:10:13,6569903.0,6569904.0,2021-04-03 10:10:13
2021-04-03 10:10:16,6569903.0,6569904.0,2021-04-03 10:10:16
2021-04-03 10:10:20,6569903.0,6569904.0,2021-04-03 10:10:20
2021-04-03 10:10:23,6569903.0,6569904.0,2021-04-03 10:10:23
2021-04-03 10:10:26,6569903.0,6569904.0,2021-04-03 10:10:26
2021-04-03 10:10:29,6569903.0,6569904.0,2021-04-03 10:10:29
2021-04-03 10:10:32,6569903.0,6569904.0,2021-04-03 10:10:32
2021-04-03 10:10:35,6569903.0,6569904.0,2021-04-03 10:10:35
2021-04-03 10:10:39,6569903.0,6569904.0,2021-04-03 10:10:39
2021-04-03 10:10:42,6572340.0,6572341.0,2021-04-03 10:10:42
2021-04-03 10:10:45,6572340.0,6572341.0,2021-04-03 10:10:45
2021-04-03 10:10:48,6572340.0,6572341.0,2021-04-03 10:10:48
2021-04-03 10:10:51,6572340.0,6572341.0,2021-04-03 10:10:51
2021-04-03 10:10:54,6572340.0,6572341.0,2021-04-03 10:10:54
2021-04-03 10:10:58,6572340.0,6572341.0,2021-04-03 10:10:58
2021-04-03 10:11:01,6572340.0,6572341.0,2021-04-03 10:11:01
2021-04-03 10:11:04,6572340.0,6572341.0,2021-04-03 10:11:04
2021-04-03 10:11:07,6572340.0,6572341.0,2021-04-03 10:11:07
2021-04-03 10:11:10,6572340.0,6572341.0,2021-04-03 10:11:10
2021-04-03 10:11:13,6572340.0,6572341.0,2021-04-03 10:11:13
2021-04-03 10:11:16,6572340.0,6572341.0,2021-04-03 10:11:16
2021-04-03 10:11:19,6572340.0,6572341.0,2021-04-03 10:11:19
2021-04-03 10:11:22,6572340.0,6572341.0,2021-04-03 10:11:22
2021-04-03 10:11:25,6572340.0,6572341.0,2021-04-03 10:11:25
2021-04-03 10:11:28,6572340.0,6572341.0,2021-04-03 10:11:28
2021-04-03 10:11:31,6572340.0,6572341.0,2021-04-03 10:11:31
2021-04-03 10:11:35,6572340.0,6572341.0,2021-04-03 10:11:35
2021-04-03 10:11:38,6572340.0,6572341.0,2021-04-03 10:11:38
2021-04-03 10:11:41,6572340.0,6572341.0,2021-04-03 10:11:41
2021-04-03 10:11:44,6572340.0,6572341.0,2021-04-03 10:11:44
2021-04-03 10:11:47,6572340.0,6572341.0,2021-04-03 10:11:47
2021-04-03 10:11:50,6572340.0,6572341.0,2021-04-03 10:11:50
2021-04-03 10:11:53,6572340.0,6572341.0,2021-04-03 10:11:53
2021-04-03 10:11:56,6572340.0,6572341.0,2021-04-03 10:11:56
2021-04-03 10:11:59,6572340.0,6572341.0,2021-04-03 10:11:59
2021-04-03 10:12:02,6572340.0,6572341.0,2021-04-03 10:12:02
2021-04-03 10:12:05,6572340.0,6572341.0,2021-04-03 10:12:05
2021-04-03 10:12:08,6572340.0,6572341.0,2021-04-03 10:12:08
2021-04-03 10:12:11,6572001.0,6572105.0,2021-04-03 10:12:11
2021-04-03 10:12:14,6572000.0,6572002.0,2021-04-03 10:12:14
2021-04-03 10:12:17,6572000.0,6572001.0,2021-04-03 10:12:17
2021-04-03 10:12:20,6572000.0,6572001.0,2021-04-03 10:12:20
2021-04-03 10:12:24,6572000.0,6572001.0,2021-04-03 10:12:23
2021-04-03 10:12:27,6572000.0,6572001.0,2021-04-03 10:12:27
2021-04-03 10:12:30,6572000.0,6572001.0,2021-04-03 10:12:30
2021-04-03 10:12:33,6572000.0,6572001.0,2021-04-03 10:12:33
2021-04-03 10:12:36,6572000.0,6572001.0,2021-04-03 10:12:36
2021-04-03 10:12:39,6569899.0,6572001.0,2021-04-03 10:12:39
2021-04-03 10:12:42,6569900.0,6569901.0,2021-04-03 10:12:42
2021-04-03 10:12:45,6569899.0,6569900.0,2021-04-03 10:12:45
2021-04-03 10:12:48,6569899.0,6569900.0,2021-04-03 10:12:48
2021-04-03 10:12:51,6569899.0,6569900.0,2021-04-03 10:12:51
2021-04-03 10:12:54,6569425.0,6569899.0,2021-04-03 10:12:54
2021-04-03 10:12:57,6569000.0,6569001.0,2021-04-03 10:12:57
2021-04-03 10:13:00,6569000.0,6569001.0,2021-04-03 10:13:00
2021-04-03 10:13:03,6569000.0,6569001.0,2021-04-03 10:13:03
2021-04-03 10:13:07,6569000.0,6569001.0,2021-04-03 10:13:07
2021-04-03 10:13:10,6569000.0,6569001.0,2021-04-03 10:13:10
2021-04-03 10:13:13,6569000.0,6569001.0,2021-04-03 10:13:13
2021-04-03 10:13:16,6569000.0,6569001.0,2021-04-03 10:13:16
2021-04-03 10:13:19,6569000.0,6569001.0,2021-04-03 10:13:19
2021-04-03 10:13:22,6569000.0,6569001.0,2021-04-03 10:13:22
2021-04-03 10:13:25,6569000.0,6569001.0,2021-04-03 10:13:25
2021-04-03 10:13:28,6567267.0,6568388.0,2021-04-03 10:13:28
2021-04-03 10:13:31,6567268.0,6568380.0,2021-04-03 10:13:31
2021-04-03 10:13:34,6567268.0,6568374.0,2021-04-03 10:13:34
2021-04-03 10:13:37,6567268.0,6568368.0,2021-04-03 10:13:37
2021-04-03 10:13:40,6567269.0,6568362.0,2021-04-03 10:13:40
2021-04-03 10:13:43,6566460.0,6567270.0,2021-04-03 10:13:43
2021-04-03 10:13:46,6566461.0,6567267.0,2021-04-03 10:13:46
2021-04-03 10:13:49,6566464.0,6567263.0,2021-04-03 10:13:49
2021-04-03 10:13:52,6566465.0,6567261.0,2021-04-03 10:13:52
2021-04-03 10:13:56,6566455.0,6567259.0,2021-04-03 10:13:55
2021-04-03 10:13:59,6566455.0,6567254.0,2021-04-03 10:13:59
2021-04-03 10:14:02,6566455.0,6567249.0,2021-04-03 10:14:02
2021-04-03 10:14:05,6566451.0,6566452.0,2021-04-03 10:14:05
2021-04-03 10:14:08,6566451.0,6566452.0,2021-04-03 10:14:08
2021-04-03 10:14:11,6566456.0,6567170.0,2021-04-03 10:14:11
2021-04-03 10:14:14,6567756.0,6569012.0,2021-04-03 10:14:14
2021-04-03 10:14:17,6569011.0,6569012.0,2021-04-03 10:14:17
2021-04-03 10:14:20,6569011.0,6569012.0,2021-04-03 10:14:20
2021-04-03 10:14:23,6569011.0,6569012.0,2021-04-03 10:14:23
2021-04-03 10:14:26,6569011.0,6569012.0,2021-04-03 10:14:26
2021-04-03 10:14:29,6569018.0,6569261.0,2021-04-03 10:14:29
2021-04-03 10:14:32,6569027.0,6569261.0,2021-04-03 10:14:32
2021-04-03 10:14:35,6569035.0,6569261.0,2021-04-03 10:14:35
2021-04-03 10:14:38,6569044.0,6569261.0,2021-04-03 10:14:38
2021-04-03 10:14:41,6569052.0,6569261.0,2021-04-03 10:14:41
2021-04-03 10:14:44,6569061.0,6569261.0,2021-04-03 10:14:44
2021-04-03 10:14:47,6569069.0,6569261.0,2021-04-03 10:14:47
2021-04-03 10:14:51,6569260.0,6569261.0,2021-04-03 10:14:50
2021-04-03 10:14:54,6569260.0,6569261.0,2021-04-03 10:14:54
2021-04-03 10:14:57,6569260.0,6569261.0,2021-04-03 10:14:57
2021-04-03 10:15:00,6569260.0,6569261.0,2021-04-03 10:15:00
2021-04-03 10:15:03,6569260.0,6569261.0,2021-04-03 10:15:03
2021-04-03 10:15:06,6569260.0,6569261.0,2021-04-03 10:15:06
2021-04-03 10:15:09,6569260.0,6569261.0,2021-04-03 10:15:09
2021-04-03 10:15:12,6569260.0,6569261.0,2021-04-03 10:15:12
2021-04-03 10:15:15,6569260.0,6569261.0,2021-04-03 10:15:15
2021-04-03 10:15:18,6569260.0,6569261.0,2021-04-03 10:15:18
2021-04-03 10:15:22,6569260.0,6569261.0,2021-04-03 10:15:22
2021-04-03 10:15:26,6569260.0,6569261.0,2021-04-03 10:15:26
2021-04-03 10:15:29,6569260.0,6569261.0,2021-04-03 10:15:29
2021-04-03 10:15:32,6569260.0,6569261.0,2021-04-03 10:15:32
2021-04-03 10:15:35,6569260.0,6569261.0,2021-04-03 10:15:35
2021-04-03 10:15:38,6569260.0,6569261.0,2021-04-03 10:15:38
2021-04-03 10:15:41,6569260.0,6569261.0,2021-04-03 10:15:41
2021-04-03 10:15:44,6569260.0,6569261.0,2021-04-03 10:15:44
2021-04-03 10:15:47,6569260.0,6569261.0,2021-04-03 10:15:47
2021-04-03 10:15:50,6569260.0,6569261.0,2021-04-03 10:15:50
2021-04-03 10:15:53,6569260.0,6569261.0,2021-04-03 10:15:53
2021-04-03 10:15:56,6569260.0,6569261.0,2021-04-03 10:15:56
2021-04-03 10:15:59,6569260.0,6569261.0,2021-04-03 10:15:59
2021-04-03 10:16:02,6569260.0,6569261.0,2021-04-03 10:16:02
2021-04-03 10:16:05,6569260.0,6569261.0,2021-04-03 10:16:05
2021-04-03 10:16:09,6569260.0,6569261.0,2021-04-03 10:16:09
2021-04-03 10:16:12,6569260.0,6569261.0,2021-04-03 10:16:12
2021-04-03 10:16:15,6569260.0,6569261.0,2021-04-03 10:16:15
2021-04-03 10:16:18,6569260.0,6569261.0,2021-04-03 10:16:18
2021-04-03 10:16:21,6569260.0,6569261.0,2021-04-03 10:16:21
2021-04-03 10:16:24,6569260.0,6569261.0,2021-04-03 10:16:24
2021-04-03 10:16:27,6569260.0,6569261.0,2021-04-03 10:16:27
2021-04-03 10:16:30,6569260.0,6569261.0,2021-04-03 10:16:30
2021-04-03 10:16:33,6569260.0,6569261.0,2021-04-03 10:16:33
2021-04-03 10:16:36,6569260.0,6569261.0,2021-04-03 10:16:36
2021-04-03 10:16:40,6569260.0,6569261.0,2021-04-03 10:16:40
2021-04-03 10:16:43,6569260.0,6569261.0,2021-04-03 10:16:43
2021-04-03 10:16:46,6569260.0,6569261.0,2021-04-03 10:16:46
2021-04-03 10:16:49,6569260.0,6569261.0,2021-04-03 10:16:49
2021-04-03 10:16:52,6569260.0,6569261.0,2021-04-03 10:16:52
2021-04-03 10:16:55,6569260.0,6569261.0,2021-04-03 10:16:55
2021-04-03 10:16:58,6569260.0,6569261.0,2021-04-03 10:16:58
2021-04-03 10:17:01,6569260.0,6569261.0,2021-04-03 10:17:01
2021-04-03 10:17:04,6569260.0,6569261.0,2021-04-03 10:17:04
2021-04-03 10:17:07,6569260.0,6569261.0,2021-04-03 10:17:07
2021-04-03 10:17:10,6569260.0,6569261.0,2021-04-03 10:17:10
2021-04-03 10:17:13,6569260.0,6569261.0,2021-04-03 10:17:13
2021-04-03 10:17:16,6569260.0,6569261.0,2021-04-03 10:17:16
2021-04-03 10:17:20,6569260.0,6569261.0,2021-04-03 10:17:19
2021-04-03 10:17:23,6569260.0,6569261.0,2021-04-03 10:17:23
2021-04-03 10:17:26,6569260.0,6569261.0,2021-04-03 10:17:26
2021-04-03 10:17:29,6569260.0,6569261.0,2021-04-03 10:17:29
2021-04-03 10:17:33,6569260.0,6569261.0,2021-04-03 10:17:33
2021-04-03 10:17:36,6569260.0,6569261.0,2021-04-03 10:17:36
2021-04-03 10:17:39,6569260.0,6569261.0,2021-04-03 10:17:39
2021-04-03 10:17:42,6569260.0,6569261.0,2021-04-03 10:17:42
2021-04-03 10:17:45,6569260.0,6569261.0,2021-04-03 10:17:45
2021-04-03 10:17:48,6569260.0,6569261.0,2021-04-03 10:17:48
2021-04-03 10:17:51,6569260.0,6569261.0,2021-04-03 10:17:51
2021-04-03 10:17:54,6569260.0,6569261.0,2021-04-03 10:17:54
2021-04-03 10:17:57,6569260.0,6569261.0,2021-04-03 10:17:57
2021-04-03 10:18:00,6569260.0,6569261.0,2021-04-03 10:18:00
2021-04-03 10:18:03,6569260.0,6569261.0,2021-04-03 10:18:03
2021-04-03 10:18:07,6569260.0,6569261.0,2021-04-03 10:18:07
2021-04-03 10:18:10,6569260.0,6569261.0,2021-04-03 10:18:10
2021-04-03 10:18:13,6569260.0,6569261.0,2021-04-03 10:18:13
2021-04-03 10:18:16,6569260.0,6569261.0,2021-04-03 10:18:16
2021-04-03 10:18:19,6569260.0,6569261.0,2021-04-03 10:18:19
2021-04-03 10:18:23,6569260.0,6569261.0,2021-04-03 10:18:22
2021-04-03 10:18:26,6569260.0,6569261.0,2021-04-03 10:18:26
2021-04-03 10:18:29,6569264.0,6569334.0,2021-04-03 10:18:29
2021-04-03 10:18:32,6569333.0,6569334.0,2021-04-03 10:18:32
2021-04-03 10:18:35,6569333.0,6569334.0,2021-04-03 10:18:35
2021-04-03 10:18:38,6569333.0,6569334.0,2021-04-03 10:18:38
2021-04-03 10:18:41,6569333.0,6569334.0,2021-04-03 10:18:41
2021-04-03 10:18:44,6569333.0,6569334.0,2021-04-03 10:18:44
2021-04-03 10:18:47,6569333.0,6569334.0,2021-04-03 10:18:47
2021-04-03 10:18:50,6569333.0,6569334.0,2021-04-03 10:18:50
2021-04-03 10:18:53,6569333.0,6569334.0,2021-04-03 10:18:53
2021-04-03 10:18:56,6571485.0,6571486.0,2021-04-03 10:18:56
2021-04-03 10:18:59,6571485.0,6571486.0,2021-04-03 10:18:59
2021-04-03 10:19:02,6571485.0,6571486.0,2021-04-03 10:19:02
2021-04-03 10:19:05,6571485.0,6571486.0,2021-04-03 10:19:05
2021-04-03 10:19:08,6571485.0,6571486.0,2021-04-03 10:19:08
2021-04-03 10:19:11,6571485.0,6571486.0,2021-04-03 10:19:11
2021-04-03 10:19:14,6571485.0,6571486.0,2021-04-03 10:19:14
2021-04-03 10:19:17,6571485.0,6571486.0,2021-04-03 10:19:17
2021-04-03 10:19:20,6571485.0,6571486.0,2021-04-03 10:19:20
2021-04-03 10:19:24,6571485.0,6571486.0,2021-04-03 10:19:23
2021-04-03 10:19:27,6571485.0,6571486.0,2021-04-03 10:19:27
2021-04-03 10:19:30,6571485.0,6571486.0,2021-04-03 10:19:30
2021-04-03 10:19:33,6571485.0,6571486.0,2021-04-03 10:19:33
2021-04-03 10:19:36,6571485.0,6571486.0,2021-04-03 10:19:36
2021-04-03 10:19:39,6571485.0,6571486.0,2021-04-03 10:19:39
2021-04-03 10:19:42,6571485.0,6571486.0,2021-04-03 10:19:42
2021-04-03 10:19:45,6571485.0,6571486.0,2021-04-03 10:19:45
2021-04-03 10:19:48,6571485.0,6571486.0,2021-04-03 10:19:48
2021-04-03 10:19:51,6571485.0,6571486.0,2021-04-03 10:19:51
2021-04-03 10:19:54,6571485.0,6571486.0,2021-04-03 10:19:54
2021-04-03 10:19:57,6571494.0,6572222.0,2021-04-03 10:19:57
2021-04-03 10:20:00,6571501.0,6572222.0,2021-04-03 10:20:00
2021-04-03 10:20:03,6572340.0,6572341.0,2021-04-03 10:20:03
2021-04-03 10:20:06,6572340.0,6572341.0,2021-04-03 10:20:06
2021-04-03 10:20:09,6572340.0,6572341.0,2021-04-03 10:20:09
2021-04-03 10:20:12,6572340.0,6572341.0,2021-04-03 10:20:12
2021-04-03 10:20:15,6572340.0,6572341.0,2021-04-03 10:20:15
2021-04-03 10:20:18,6572340.0,6572341.0,2021-04-03 10:20:18
2021-04-03 10:20:21,6572340.0,6572341.0,2021-04-03 10:20:21
2021-04-03 10:20:24,6572340.0,6572341.0,2021-04-03 10:20:24
2021-04-03 10:20:28,6572340.0,6572341.0,2021-04-03 10:20:27
2021-04-03 10:20:31,6572340.0,6572341.0,2021-04-03 10:20:31
2021-04-03 10:20:34,6572340.0,6572341.0,2021-04-03 10:20:34
2021-04-03 10:20:37,6572340.0,6572341.0,2021-04-03 10:20:37
2021-04-03 10:20:40,6572340.0,6572341.0,2021-04-03 10:20:40
2021-04-03 10:20:43,6572340.0,6572341.0,2021-04-03 10:20:43
2021-04-03 10:20:46,6572340.0,6572341.0,2021-04-03 10:20:46
2021-04-03 10:20:49,6572340.0,6572341.0,2021-04-03 10:20:49
2021-04-03 10:20:52,6572340.0,6572341.0,2021-04-03 10:20:52
2021-04-03 10:20:55,6572340.0,6572341.0,2021-04-03 10:20:55
2021-04-03 10:20:59,6572340.0,6572341.0,2021-04-03 10:20:58
2021-04-03 10:21:02,6572340.0,6572533.0,2021-04-03 10:21:02
2021-04-03 10:21:05,6572345.0,6572534.0,2021-04-03 10:21:05
2021-04-03 10:21:08,6572533.0,6572534.0,2021-04-03 10:21:08
2021-04-03 10:21:11,6572750.0,6573001.0,2021-04-03 10:21:11
2021-04-03 10:21:14,6572759.0,6573001.0,2021-04-03 10:21:14
2021-04-03 10:21:17,6572766.0,6573001.0,2021-04-03 10:21:17
2021-04-03 10:21:20,6573004.0,6573804.0,2021-04-03 10:21:20
2021-04-03 10:21:23,6573009.0,6573992.0,2021-04-03 10:21:23
2021-04-03 10:21:26,6573013.0,6573303.0,2021-04-03 10:21:26
2021-04-03 10:21:30,6573015.0,6573293.0,2021-04-03 10:21:29
2021-04-03 10:21:33,6573015.0,6573234.0,2021-04-03 10:21:33
2021-04-03 10:21:36,6573015.0,6573228.0,2021-04-03 10:21:36
2021-04-03 10:21:39,6573015.0,6573222.0,2021-04-03 10:21:39
2021-04-03 10:21:42,6573021.0,6573213.0,2021-04-03 10:21:42
2021-04-03 10:21:45,6573022.0,6573206.0,2021-04-03 10:21:45
2021-04-03 10:21:48,6573009.0,6573010.0,2021-04-03 10:21:48
2021-04-03 10:21:52,6573009.0,6573010.0,2021-04-03 10:21:52
2021-04-03 10:21:55,6573009.0,6573010.0,2021-04-03 10:21:55
2021-04-03 10:21:58,6573009.0,6573010.0,2021-04-03 10:21:58
2021-04-03 10:22:01,6573009.0,6573010.0,2021-04-03 10:22:01
2021-04-03 10:22:05,6573009.0,6573010.0,2021-04-03 10:22:04
2021-04-03 10:22:08,6573009.0,6573010.0,2021-04-03 10:22:08
2021-04-03 10:22:11,6573009.0,6573010.0,2021-04-03 10:22:11
2021-04-03 10:22:14,6573009.0,6573010.0,2021-04-03 10:22:14
2021-04-03 10:22:17,6573009.0,6573010.0,2021-04-03 10:22:17
2021-04-03 10:22:20,6573009.0,6573010.0,2021-04-03 10:22:20
2021-04-03 10:22:23,6573009.0,6573010.0,2021-04-03 10:22:23
2021-04-03 10:22:26,6573009.0,6573010.0,2021-04-03 10:22:26
2021-04-03 10:22:29,6573009.0,6573010.0,2021-04-03 10:22:29
2021-04-03 10:22:32,6573009.0,6573010.0,2021-04-03 10:22:32
2021-04-03 10:22:35,6573009.0,6573010.0,2021-04-03 10:22:35
2021-04-03 10:22:38,6573009.0,6573010.0,2021-04-03 10:22:38
2021-04-03 10:22:41,6573009.0,6573010.0,2021-04-03 10:22:41
2021-04-03 10:22:44,6573009.0,6573010.0,2021-04-03 10:22:44
2021-04-03 10:22:47,6573009.0,6573010.0,2021-04-03 10:22:47
2021-04-03 10:22:50,6573009.0,6573010.0,2021-04-03 10:22:50
2021-04-03 10:22:53,6573009.0,6573010.0,2021-04-03 10:22:53
2021-04-03 10:22:56,6573009.0,6573010.0,2021-04-03 10:22:56
2021-04-03 10:22:59,6573009.0,6573010.0,2021-04-03 10:22:59
2021-04-03 10:23:02,6573009.0,6573010.0,2021-04-03 10:23:02
2021-04-03 10:23:05,6573009.0,6573010.0,2021-04-03 10:23:05
2021-04-03 10:23:09,6573009.0,6573010.0,2021-04-03 10:23:08
2021-04-03 10:23:12,6573009.0,6573010.0,2021-04-03 10:23:12
2021-04-03 10:23:15,6573009.0,6573010.0,2021-04-03 10:23:15
2021-04-03 10:23:18,6573009.0,6573010.0,2021-04-03 10:23:18
2021-04-03 10:23:21,6573009.0,6573010.0,2021-04-03 10:23:21
2021-04-03 10:23:24,6573009.0,6573010.0,2021-04-03 10:23:24
2021-04-03 10:23:27,6573009.0,6573010.0,2021-04-03 10:23:27
2021-04-03 10:23:30,6573009.0,6573010.0,2021-04-03 10:23:30
2021-04-03 10:23:33,6573009.0,6573010.0,2021-04-03 10:23:33
2021-04-03 10:23:36,6573009.0,6573010.0,2021-04-03 10:23:36
2021-04-03 10:23:39,6573009.0,6573010.0,2021-04-03 10:23:39
2021-04-03 10:23:42,6573009.0,6573010.0,2021-04-03 10:23:42
2021-04-03 10:23:45,6573009.0,6573010.0,2021-04-03 10:23:45
2021-04-03 10:23:48,6573009.0,6573010.0,2021-04-03 10:23:48
2021-04-03 10:23:51,6573009.0,6573010.0,2021-04-03 10:23:51
2021-04-03 10:23:54,6573009.0,6573010.0,2021-04-03 10:23:54
2021-04-03 10:23:57,6573009.0,6573010.0,2021-04-03 10:23:57
2021-04-03 10:24:00,6573009.0,6573010.0,2021-04-03 10:24:00
2021-04-03 10:24:03,6573009.0,6573010.0,2021-04-03 10:24:03
2021-04-03 10:24:06,6573009.0,6573010.0,2021-04-03 10:24:06
2021-04-03 10:24:10,6573009.0,6573010.0,2021-04-03 10:24:09
2021-04-03 10:24:13,6573009.0,6573010.0,2021-04-03 10:24:13
2021-04-03 10:24:16,6573009.0,6573010.0,2021-04-03 10:24:16
2021-04-03 10:24:19,6571491.0,6573005.0,2021-04-03 10:24:19
2021-04-03 10:24:22,6571493.0,6572998.0,2021-04-03 10:24:22
2021-04-03 10:24:25,6571499.0,6571977.0,2021-04-03 10:24:25
2021-04-03 10:24:28,6571485.0,6571967.0,2021-04-03 10:24:28
2021-04-03 10:24:31,6571485.0,6571499.0,2021-04-03 10:24:31
2021-04-03 10:24:34,6571485.0,6571490.0,2021-04-03 10:24:34
2021-04-03 10:24:37,6571485.0,6571486.0,2021-04-03 10:24:37
2021-04-03 10:24:40,6571485.0,6571486.0,2021-04-03 10:24:40
2021-04-03 10:24:43,6571485.0,6571486.0,2021-04-03 10:24:43
2021-04-03 10:24:46,6571485.0,6571486.0,2021-04-03 10:24:46
2021-04-03 10:24:49,6571485.0,6571486.0,2021-04-03 10:24:49
2021-04-03 10:24:52,6571485.0,6571486.0,2021-04-03 10:24:52
2021-04-03 10:24:55,6571485.0,6571486.0,2021-04-03 10:24:55
2021-04-03 10:24:58,6571485.0,6571486.0,2021-04-03 10:24:58
2021-04-03 10:25:01,6571485.0,6571486.0,2021-04-03 10:25:01
2021-04-03 10:25:04,6571485.0,6571486.0,2021-04-03 10:25:04
2021-04-03 10:25:07,6571485.0,6571486.0,2021-04-03 10:25:07
2021-04-03 10:25:11,6571485.0,6571486.0,2021-04-03 10:25:10
2021-04-03 10:25:14,6571485.0,6571486.0,2021-04-03 10:25:14
2021-04-03 10:25:17,6571485.0,6571486.0,2021-04-03 10:25:17
2021-04-03 10:25:20,6571485.0,6571486.0,2021-04-03 10:25:20
2021-04-03 10:25:23,6569892.0,6570940.0,2021-04-03 10:25:23
2021-04-03 10:25:26,6570483.0,6570930.0,2021-04-03 10:25:26
2021-04-03 10:25:29,6570489.0,6570925.0,2021-04-03 10:25:29
2021-04-03 10:25:32,6570493.0,6570744.0,2021-04-03 10:25:32
2021-04-03 10:25:35,6570499.0,6570738.0,2021-04-03 10:25:35
2021-04-03 10:25:38,6570503.0,6570732.0,2021-04-03 10:25:38
2021-04-03 10:25:41,6570510.0,6570726.0,2021-04-03 10:25:41
2021-04-03 10:25:44,6570510.0,6570721.0,2021-04-03 10:25:44
2021-04-03 10:25:47,6570510.0,6570715.0,2021-04-03 10:25:47
2021-04-03 10:25:50,6570510.0,6570709.0,2021-04-03 10:25:50
2021-04-03 10:25:53,6569262.0,6570666.0,2021-04-03 10:25:53
2021-04-03 10:25:56,6569261.0,6570197.0,2021-04-03 10:25:56
2021-04-03 10:25:59,6569261.0,6570152.0,2021-04-03 10:25:59
2021-04-03 10:26:02,6569261.0,6569262.0,2021-04-03 10:26:02
2021-04-03 10:26:05,6569261.0,6569262.0,2021-04-03 10:26:05
2021-04-03 10:26:09,6569261.0,6569262.0,2021-04-03 10:26:08
2021-04-03 10:26:12,6569261.0,6569262.0,2021-04-03 10:26:12
2021-04-03 10:26:15,6569261.0,6569262.0,2021-04-03 10:26:15
2021-04-03 10:26:18,6569261.0,6569262.0,2021-04-03 10:26:18
2021-04-03 10:26:21,6569261.0,6569262.0,2021-04-03 10:26:21
2021-04-03 10:26:24,6569261.0,6569262.0,2021-04-03 10:26:24
2021-04-03 10:26:27,6569261.0,6569262.0,2021-04-03 10:26:27
2021-04-03 10:26:30,6569261.0,6569262.0,2021-04-03 10:26:30
2021-04-03 10:26:33,6569261.0,6569262.0,2021-04-03 10:26:33
2021-04-03 10:26:37,6569263.0,6570459.0,2021-04-03 10:26:36
2021-04-03 10:26:40,6569275.0,6570458.0,2021-04-03 10:26:40
2021-04-03 10:26:43,6569283.0,6570458.0,2021-04-03 10:26:43
2021-04-03 10:26:46,6569292.0,6570458.0,2021-04-03 10:26:46
2021-04-03 10:26:49,6569300.0,6570458.0,2021-04-03 10:26:49
2021-04-03 10:26:52,6569309.0,6570458.0,2021-04-03 10:26:52
2021-04-03 10:26:55,6569318.0,6570458.0,2021-04-03 10:26:55
2021-04-03 10:26:58,6569326.0,6570458.0,2021-04-03 10:26:58
2021-04-03 10:27:01,6569332.0,6570458.0,2021-04-03 10:27:01
2021-04-03 10:27:04,6570186.0,6570459.0,2021-04-03 10:27:04
2021-04-03 10:27:07,6570194.0,6570934.0,2021-04-03 10:27:07
2021-04-03 10:27:10,6570202.0,6570926.0,2021-04-03 10:27:10
2021-04-03 10:27:13,6570210.0,6570917.0,2021-04-03 10:27:13
2021-04-03 10:27:16,6570219.0,6570917.0,2021-04-03 10:27:16
2021-04-03 10:27:19,6570227.0,6570917.0,2021-04-03 10:27:19
2021-04-03 10:27:22,6570236.0,6570917.0,2021-04-03 10:27:22
2021-04-03 10:27:25,6570244.0,6570917.0,2021-04-03 10:27:25
2021-04-03 10:27:28,6570253.0,6570916.0,2021-04-03 10:27:28
2021-04-03 10:27:31,6570259.0,6570908.0,2021-04-03 10:27:31
2021-04-03 10:27:34,6570268.0,6572028.0,2021-04-03 10:27:34
2021-04-03 10:27:38,6570275.0,6572028.0,2021-04-03 10:27:38
2021-04-03 10:27:41,6570283.0,6572028.0,2021-04-03 10:27:41
2021-04-03 10:27:44,6570293.0,6572021.0,2021-04-03 10:27:44
2021-04-03 10:27:47,6570295.0,6570454.0,2021-04-03 10:27:47
2021-04-03 10:27:50,6570295.0,6570448.0,2021-04-03 10:27:50
2021-04-03 10:27:53,6570295.0,6570438.0,2021-04-03 10:27:53
2021-04-03 10:27:56,6570295.0,6570296.0,2021-04-03 10:27:56
2021-04-03 10:27:59,6570295.0,6570296.0,2021-04-03 10:27:59
2021-04-03 10:28:02,6569261.0,6570255.0,2021-04-03 10:28:02
2021-04-03 10:28:06,6569261.0,6569262.0,2021-04-03 10:28:06
2021-04-03 10:28:09,6568911.0,6569231.0,2021-04-03 10:28:09
2021-04-03 10:28:12,6568911.0,6568912.0,2021-04-03 10:28:12
2021-04-03 10:28:15,6568911.0,6568912.0,2021-04-03 10:28:15
2021-04-03 10:28:18,6568911.0,6568912.0,2021-04-03 10:28:18
2021-04-03 10:28:21,6568911.0,6568912.0,2021-04-03 10:28:21
2021-04-03 10:28:24,6568911.0,6568912.0,2021-04-03 10:28:24
2021-04-03 10:28:27,6568911.0,6568912.0,2021-04-03 10:28:27
2021-04-03 10:28:30,6568911.0,6568912.0,2021-04-03 10:28:30
2021-04-03 10:28:33,6566485.0,6567976.0,2021-04-03 10:28:33
2021-04-03 10:28:36,6566485.0,6566486.0,2021-04-03 10:28:36
2021-04-03 10:28:39,6566485.0,6566486.0,2021-04-03 10:28:39
2021-04-03 10:28:42,6562691.0,6564465.0,2021-04-03 10:28:42
2021-04-03 10:28:45,6562697.0,6562698.0,2021-04-03 10:28:45
2021-04-03 10:28:49,6562697.0,6562698.0,2021-04-03 10:28:49
2021-04-03 10:28:52,6562697.0,6562698.0,2021-04-03 10:28:52
2021-04-03 10:28:55,6562697.0,6562698.0,2021-04-03 10:28:55
2021-04-03 10:28:58,6562697.0,6562698.0,2021-04-03 10:28:58
2021-04-03 10:29:01,6562697.0,6562698.0,2021-04-03 10:29:01
2021-04-03 10:29:04,6562699.0,6563719.0,2021-04-03 10:29:04
2021-04-03 10:29:07,6562803.0,6563715.0,2021-04-03 10:29:07
2021-04-03 10:29:10,6562805.0,6563712.0,2021-04-03 10:29:10
2021-04-03 10:29:13,6562805.0,6563706.0,2021-04-03 10:29:13
2021-04-03 10:29:17,6562804.0,6562805.0,2021-04-03 10:29:16
2021-04-03 10:29:20,6562804.0,6562805.0,2021-04-03 10:29:20
2021-04-03 10:29:23,6562804.0,6562805.0,2021-04-03 10:29:23
2021-04-03 10:29:26,6562804.0,6562805.0,2021-04-03 10:29:26
2021-04-03 10:29:29,6562804.0,6562805.0,2021-04-03 10:29:29
2021-04-03 10:29:32,6562804.0,6562805.0,2021-04-03 10:29:32
2021-04-03 10:29:35,6562804.0,6562805.0,2021-04-03 10:29:35
2021-04-03 10:29:38,6562804.0,6562805.0,2021-04-03 10:29:38
2021-04-03 10:29:41,6562804.0,6562805.0,2021-04-03 10:29:41
2021-04-03 10:29:44,6562804.0,6562805.0,2021-04-03 10:29:44
2021-04-03 10:29:47,6562804.0,6562805.0,2021-04-03 10:29:47
2021-04-03 10:29:50,6562804.0,6562805.0,2021-04-03 10:29:50
2021-04-03 10:29:53,6562804.0,6562805.0,2021-04-03 10:29:53
2021-04-03 10:29:56,6562804.0,6562805.0,2021-04-03 10:29:56
2021-04-03 10:29:59,6562804.0,6562805.0,2021-04-03 10:29:59
2021-04-03 10:30:02,6562804.0,6562805.0,2021-04-03 10:30:02
2021-04-03 10:30:05,6562804.0,6562805.0,2021-04-03 10:30:05
2021-04-03 10:30:08,6562804.0,6562805.0,2021-04-03 10:30:08
2021-04-03 10:30:11,6562804.0,6563152.0,2021-04-03 10:30:11
2021-04-03 10:30:14,6562753.0,6562896.0,2021-04-03 10:30:14
2021-04-03 10:30:18,6562698.0,6562699.0,2021-04-03 10:30:17
2021-04-03 10:30:21,6562698.0,6562699.0,2021-04-03 10:30:21
2021-04-03 10:30:24,6562698.0,6562699.0,2021-04-03 10:30:24
2021-04-03 10:30:27,6562698.0,6562699.0,2021-04-03 10:30:27
2021-04-03 10:30:30,6562698.0,6562699.0,2021-04-03 10:30:30
2021-04-03 10:30:33,6562698.0,6562699.0,2021-04-03 10:30:33
2021-04-03 10:30:36,6562689.0,6562690.0,2021-04-03 10:30:36
2021-04-03 10:30:39,6562689.0,6562690.0,2021-04-03 10:30:39
2021-04-03 10:30:42,6562689.0,6562690.0,2021-04-03 10:30:42
2021-04-03 10:30:45,6562689.0,6562690.0,2021-04-03 10:30:45
2021-04-03 10:30:48,6562689.0,6562690.0,2021-04-03 10:30:48
2021-04-03 10:30:52,6562689.0,6562690.0,2021-04-03 10:30:52
2021-04-03 10:30:55,6562689.0,6562690.0,2021-04-03 10:30:55
2021-04-03 10:30:58,6562689.0,6562690.0,2021-04-03 10:30:58
2021-04-03 10:31:01,6562689.0,6562690.0,2021-04-03 10:31:01
2021-04-03 10:31:04,6562689.0,6562690.0,2021-04-03 10:31:04
2021-04-03 10:31:07,6562534.0,6562686.0,2021-04-03 10:31:07
2021-04-03 10:31:10,6562532.0,6562677.0,2021-04-03 10:31:10
2021-04-03 10:31:13,6562533.0,6562534.0,2021-04-03 10:31:13
2021-04-03 10:31:16,6562533.0,6562534.0,2021-04-03 10:31:16
2021-04-03 10:31:19,6560444.0,6561895.0,2021-04-03 10:31:19
2021-04-03 10:31:22,6560454.0,6561889.0,2021-04-03 10:31:22
2021-04-03 10:31:26,6562531.0,6562685.0,2021-04-03 10:31:26
2021-04-03 10:31:29,6560526.0,6562683.0,2021-04-03 10:31:29
2021-04-03 10:31:32,6560535.0,6562529.0,2021-04-03 10:31:32
2021-04-03 10:31:35,6560543.0,6562525.0,2021-04-03 10:31:35
2021-04-03 10:31:38,6560554.0,6561892.0,2021-04-03 10:31:38
2021-04-03 10:31:41,6560562.0,6561892.0,2021-04-03 10:31:41
2021-04-03 10:31:44,6560571.0,6561000.0,2021-04-03 10:31:44
2021-04-03 10:31:47,6560999.0,6561000.0,2021-04-03 10:31:47
2021-04-03 10:31:50,6560999.0,6561000.0,2021-04-03 10:31:50
2021-04-03 10:31:53,6560999.0,6561000.0,2021-04-03 10:31:53
2021-04-03 10:31:56,6560999.0,6561893.0,2021-04-03 10:31:56
2021-04-03 10:31:59,6561892.0,6561893.0,2021-04-03 10:31:59
2021-04-03 10:32:02,6561892.0,6561893.0,2021-04-03 10:32:02
2021-04-03 10:32:05,6561892.0,6561893.0,2021-04-03 10:32:05
2021-04-03 10:32:09,6561892.0,6561893.0,2021-04-03 10:32:08
2021-04-03 10:32:12,6561892.0,6561893.0,2021-04-03 10:32:12
2021-04-03 10:32:15,6561892.0,6561893.0,2021-04-03 10:32:15
2021-04-03 10:32:18,6561892.0,6561893.0,2021-04-03 10:32:18
2021-04-03 10:32:21,6561894.0,6564935.0,2021-04-03 10:32:21
2021-04-03 10:32:24,6561901.0,6565381.0,2021-04-03 10:32:24
2021-04-03 10:32:27,6561908.0,6564874.0,2021-04-03 10:32:27
2021-04-03 10:32:30,6561915.0,6563851.0,2021-04-03 10:32:30
2021-04-03 10:32:33,6561920.0,6563310.0,2021-04-03 10:32:33
2021-04-03 10:32:36,6561921.0,6563306.0,2021-04-03 10:32:36
2021-04-03 10:32:39,6561925.0,6563784.0,2021-04-03 10:32:39
2021-04-03 10:32:42,6561927.0,6562893.0,2021-04-03 10:32:42
2021-04-03 10:32:45,6561929.0,6562890.0,2021-04-03 10:32:45
2021-04-03 10:32:48,6561971.0,6562888.0,2021-04-03 10:32:48
2021-04-03 10:32:51,6561971.0,6562879.0,2021-04-03 10:32:51
2021-04-03 10:32:54,6561973.0,6562871.0,2021-04-03 10:32:54
2021-04-03 10:32:57,6561973.0,6562862.0,2021-04-03 10:32:57
2021-04-03 10:33:00,6561976.0,6562856.0,2021-04-03 10:33:00
2021-04-03 10:33:03,6561976.0,6562850.0,2021-04-03 10:33:03
2021-04-03 10:33:06,6561976.0,6562848.0,2021-04-03 10:33:06
2021-04-03 10:33:10,6561976.0,6562848.0,2021-04-03 10:33:10
2021-04-03 10:33:13,6561976.0,6562846.0,2021-04-03 10:33:13
2021-04-03 10:33:16,6561975.0,6562846.0,2021-04-03 10:33:16
2021-04-03 10:33:19,6561975.0,6562846.0,2021-04-03 10:33:19
2021-04-03 10:33:22,6561975.0,6562790.0,2021-04-03 10:33:22
2021-04-03 10:33:25,6561975.0,6562590.0,2021-04-03 10:33:25
2021-04-03 10:33:28,6561975.0,6562590.0,2021-04-03 10:33:28
2021-04-03 10:33:31,6561975.0,6562590.0,2021-04-03 10:33:31
2021-04-03 10:33:34,6561975.0,6562846.0,2021-04-03 10:33:34
2021-04-03 10:33:37,6561975.0,6562795.0,2021-04-03 10:33:37
2021-04-03 10:33:40,6561975.0,6561976.0,2021-04-03 10:33:40
2021-04-03 10:33:44,6561001.0,6561002.0,2021-04-03 10:33:44
2021-04-03 10:33:47,6561000.0,6561002.0,2021-04-03 10:33:47
2021-04-03 10:33:50,6561000.0,6561001.0,2021-04-03 10:33:50
2021-04-03 10:33:53,6561000.0,6561001.0,2021-04-03 10:33:53
2021-04-03 10:33:56,6561000.0,6561001.0,2021-04-03 10:33:56
2021-04-03 10:33:59,6561000.0,6561001.0,2021-04-03 10:33:59
2021-04-03 10:34:02,6561000.0,6561001.0,2021-04-03 10:34:02
2021-04-03 10:34:05,6561000.0,6561001.0,2021-04-03 10:34:05
2021-04-03 10:34:08,6561000.0,6561001.0,2021-04-03 10:34:08
2021-04-03 10:34:11,6561000.0,6561003.0,2021-04-03 10:34:11
2021-04-03 10:34:14,6561000.0,6561003.0,2021-04-03 10:34:14
2021-04-03 10:34:18,6561000.0,6561001.0,2021-04-03 10:34:17
2021-04-03 10:34:21,6561000.0,6561001.0,2021-04-03 10:34:21
2021-04-03 10:34:24,6561000.0,6561001.0,2021-04-03 10:34:24
2021-04-03 10:34:27,6561000.0,6561251.0,2021-04-03 10:34:27
2021-04-03 10:34:30,6561000.0,6561001.0,2021-04-03 10:34:30
2021-04-03 10:34:33,6561000.0,6562500.0,2021-04-03 10:34:33
2021-04-03 10:34:36,6561000.0,6561002.0,2021-04-03 10:34:36
2021-04-03 10:34:39,6561000.0,6561001.0,2021-04-03 10:34:39
2021-04-03 10:34:42,6561000.0,6561001.0,2021-04-03 10:34:42
2021-04-03 10:34:45,6561000.0,6561001.0,2021-04-03 10:34:45
2021-04-03 10:34:48,6561000.0,6561001.0,2021-04-03 10:34:48
2021-04-03 10:34:51,6561000.0,6561001.0,2021-04-03 10:34:51
2021-04-03 10:34:54,6561000.0,6561001.0,2021-04-03 10:34:54
2021-04-03 10:34:57,6561000.0,6561001.0,2021-04-03 10:34:57
2021-04-03 10:35:00,6561000.0,6561001.0,2021-04-03 10:35:00
2021-04-03 10:35:03,6561000.0,6561001.0,2021-04-03 10:35:03
2021-04-03 10:35:06,6561000.0,6561001.0,2021-04-03 10:35:06
2021-04-03 10:35:09,6561000.0,6561002.0,2021-04-03 10:35:09
2021-04-03 10:35:12,6561000.0,6561001.0,2021-04-03 10:35:12
2021-04-03 10:35:16,6561000.0,6561001.0,2021-04-03 10:35:16
2021-04-03 10:35:19,6561000.0,6561001.0,2021-04-03 10:35:19
2021-04-03 10:35:22,6561000.0,6561001.0,2021-04-03 10:35:22
2021-04-03 10:35:25,6561000.0,6561001.0,2021-04-03 10:35:25
2021-04-03 10:35:28,6561000.0,6561001.0,2021-04-03 10:35:28
2021-04-03 10:35:31,6561000.0,6561001.0,2021-04-03 10:35:31
2021-04-03 10:35:34,6561000.0,6561001.0,2021-04-03 10:35:34
2021-04-03 10:35:37,6561000.0,6561001.0,2021-04-03 10:35:37
2021-04-03 10:35:40,6561000.0,6561001.0,2021-04-03 10:35:40
2021-04-03 10:35:43,6561000.0,6561001.0,2021-04-03 10:35:43
2021-04-03 10:35:46,6561000.0,6561001.0,2021-04-03 10:35:46
2021-04-03 10:35:49,6561000.0,6561001.0,2021-04-03 10:35:49
2021-04-03 10:35:52,6561000.0,6561001.0,2021-04-03 10:35:52
2021-04-03 10:35:55,6561000.0,6561001.0,2021-04-03 10:35:55
2021-04-03 10:35:58,6561000.0,6561001.0,2021-04-03 10:35:58
2021-04-03 10:36:01,6561000.0,6561001.0,2021-04-03 10:36:01
2021-04-03 10:36:04,6561000.0,6561001.0,2021-04-03 10:36:04
2021-04-03 10:36:08,6561000.0,6561001.0,2021-04-03 10:36:08
2021-04-03 10:36:11,6561000.0,6561001.0,2021-04-03 10:36:11
2021-04-03 10:36:14,6561000.0,6561001.0,2021-04-03 10:36:14
2021-04-03 10:36:17,6561000.0,6561001.0,2021-04-03 10:36:17
2021-04-03 10:36:20,6561000.0,6561001.0,2021-04-03 10:36:20
2021-04-03 10:36:23,6561000.0,6561001.0,2021-04-03 10:36:23
2021-04-03 10:36:26,6561000.0,6561001.0,2021-04-03 10:36:26
2021-04-03 10:36:29,6561000.0,6561001.0,2021-04-03 10:36:29
2021-04-03 10:36:32,6561000.0,6561001.0,2021-04-03 10:36:32
2021-04-03 10:36:35,6561000.0,6561001.0,2021-04-03 10:36:35
2021-04-03 10:36:38,6561000.0,6561001.0,2021-04-03 10:36:38
2021-04-03 10:36:41,6561000.0,6561001.0,2021-04-03 10:36:41
2021-04-03 10:36:45,6561000.0,6561001.0,2021-04-03 10:36:44
2021-04-03 10:36:48,6561000.0,6561001.0,2021-04-03 10:36:48
2021-04-03 10:36:51,6561000.0,6561001.0,2021-04-03 10:36:51
2021-04-03 10:36:54,6561000.0,6561001.0,2021-04-03 10:36:54
2021-04-03 10:36:57,6561000.0,6561001.0,2021-04-03 10:36:57
2021-04-03 10:37:00,6561000.0,6561001.0,2021-04-03 10:37:00
2021-04-03 10:37:03,6561000.0,6561001.0,2021-04-03 10:37:03
2021-04-03 10:37:06,6561000.0,6561001.0,2021-04-03 10:37:06
2021-04-03 10:37:09,6561000.0,6561001.0,2021-04-03 10:37:09
2021-04-03 10:37:12,6561000.0,6561001.0,2021-04-03 10:37:12
2021-04-03 10:37:15,6561000.0,6561001.0,2021-04-03 10:37:15
2021-04-03 10:37:18,6560008.0,6561000.0,2021-04-03 10:37:18
2021-04-03 10:37:21,6560000.0,6560009.0,2021-04-03 10:37:21
2021-04-03 10:37:24,6560000.0,6560006.0,2021-04-03 10:37:24
2021-04-03 10:37:27,6560000.0,6560001.0,2021-04-03 10:37:27
2021-04-03 10:37:30,6560000.0,6560001.0,2021-04-03 10:37:30
2021-04-03 10:37:33,6560000.0,6560001.0,2021-04-03 10:37:33
2021-04-03 10:37:36,6560000.0,6560001.0,2021-04-03 10:37:36
2021-04-03 10:37:39,6560000.0,6560001.0,2021-04-03 10:37:39
2021-04-03 10:37:42,6560000.0,6560001.0,2021-04-03 10:37:42
2021-04-03 10:37:45,6560000.0,6560001.0,2021-04-03 10:37:45
2021-04-03 10:37:48,6560000.0,6560001.0,2021-04-03 10:37:48
2021-04-03 10:37:52,6560000.0,6560001.0,2021-04-03 10:37:52
2021-04-03 10:37:55,6560000.0,6560001.0,2021-04-03 10:37:55
2021-04-03 10:37:58,6560000.0,6560001.0,2021-04-03 10:37:58
2021-04-03 10:38:01,6560000.0,6560001.0,2021-04-03 10:38:01
2021-04-03 10:38:04,6560000.0,6560001.0,2021-04-03 10:38:04
2021-04-03 10:38:07,6560000.0,6560001.0,2021-04-03 10:38:07
2021-04-03 10:38:10,6559929.0,6559931.0,2021-04-03 10:38:10
2021-04-03 10:38:13,6559929.0,6559930.0,2021-04-03 10:38:13
2021-04-03 10:38:16,6559929.0,6559930.0,2021-04-03 10:38:16
2021-04-03 10:38:19,6559863.0,6559930.0,2021-04-03 10:38:19
2021-04-03 10:38:22,6559863.0,6559864.0,2021-04-03 10:38:22
2021-04-03 10:38:25,6559863.0,6559864.0,2021-04-03 10:38:25
2021-04-03 10:38:28,6559863.0,6559864.0,2021-04-03 10:38:28
2021-04-03 10:38:31,6559863.0,6559864.0,2021-04-03 10:38:31
2021-04-03 10:38:34,6559863.0,6559864.0,2021-04-03 10:38:34
2021-04-03 10:38:37,6559863.0,6559864.0,2021-04-03 10:38:37
2021-04-03 10:38:40,6559863.0,6559864.0,2021-04-03 10:38:40
2021-04-03 10:38:43,6559863.0,6559864.0,2021-04-03 10:38:43
2021-04-03 10:38:47,6556863.0,6556864.0,2021-04-03 10:38:46
2021-04-03 10:38:50,6556863.0,6556864.0,2021-04-03 10:38:50
2021-04-03 10:38:53,6556863.0,6556864.0,2021-04-03 10:38:53
2021-04-03 10:38:56,6556863.0,6556864.0,2021-04-03 10:38:56
2021-04-03 10:38:59,6556863.0,6556864.0,2021-04-03 10:38:59
2021-04-03 10:39:02,6555114.0,6556864.0,2021-04-03 10:39:02
2021-04-03 10:39:05,6555115.0,6555116.0,2021-04-03 10:39:05
2021-04-03 10:39:08,6555115.0,6555116.0,2021-04-03 10:39:08
2021-04-03 10:39:11,6554863.0,6555115.0,2021-04-03 10:39:11
2021-04-03 10:39:14,6554863.0,6554864.0,2021-04-03 10:39:14
2021-04-03 10:39:17,6554863.0,6554864.0,2021-04-03 10:39:17
2021-04-03 10:39:20,6554863.0,6554864.0,2021-04-03 10:39:20
2021-04-03 10:39:23,6554863.0,6554864.0,2021-04-03 10:39:23
2021-04-03 10:39:26,6554863.0,6554864.0,2021-04-03 10:39:26
2021-04-03 10:39:30,6554863.0,6554864.0,2021-04-03 10:39:29
2021-04-03 10:39:33,6554859.0,6554860.0,2021-04-03 10:39:33
2021-04-03 10:39:36,6554859.0,6554860.0,2021-04-03 10:39:36
2021-04-03 10:39:39,6554439.0,6554440.0,2021-04-03 10:39:39
2021-04-03 10:39:42,6554439.0,6554440.0,2021-04-03 10:39:42
2021-04-03 10:39:45,6554439.0,6554440.0,2021-04-03 10:39:45
2021-04-03 10:39:48,6554439.0,6554440.0,2021-04-03 10:39:48
2021-04-03 10:39:51,6554439.0,6554440.0,2021-04-03 10:39:51
2021-04-03 10:39:54,6553436.0,6553438.0,2021-04-03 10:39:54
2021-04-03 10:39:57,6552500.0,6552501.0,2021-04-03 10:39:57
2021-04-03 10:40:00,6550697.0,6552501.0,2021-04-03 10:40:00
2021-04-03 10:40:03,6550698.0,6550699.0,2021-04-03 10:40:03
2021-04-03 10:40:06,6550698.0,6550699.0,2021-04-03 10:40:06
2021-04-03 10:40:09,6550695.0,6550696.0,2021-04-03 10:40:09
2021-04-03 10:40:12,6550002.0,6550003.0,2021-04-03 10:40:12
2021-04-03 10:40:16,6550002.0,6550003.0,2021-04-03 10:40:15
2021-04-03 10:40:19,6550001.0,6550002.0,2021-04-03 10:40:19
2021-04-03 10:40:22,6550001.0,6550002.0,2021-04-03 10:40:22
2021-04-03 10:40:25,6550000.0,6550001.0,2021-04-03 10:40:25
2021-04-03 10:40:28,6550000.0,6550001.0,2021-04-03 10:40:28
2021-04-03 10:40:31,6550000.0,6550001.0,2021-04-03 10:40:31
2021-04-03 10:40:34,6550000.0,6550001.0,2021-04-03 10:40:34
2021-04-03 10:40:37,6550000.0,6550001.0,2021-04-03 10:40:37
2021-04-03 10:40:40,6550000.0,6550001.0,2021-04-03 10:40:40
2021-04-03 10:40:43,6550000.0,6550001.0,2021-04-03 10:40:43
2021-04-03 10:40:46,6550000.0,6550001.0,2021-04-03 10:40:46
2021-04-03 10:40:49,6547083.0,6547085.0,2021-04-03 10:40:49
2021-04-03 10:40:52,6547083.0,6547084.0,2021-04-03 10:40:52
2021-04-03 10:40:55,6547083.0,6547084.0,2021-04-03 10:40:55
2021-04-03 10:40:58,6547083.0,6547084.0,2021-04-03 10:40:58
2021-04-03 10:41:01,6547083.0,6547084.0,2021-04-03 10:41:01
2021-04-03 10:41:04,6547083.0,6547084.0,2021-04-03 10:41:04
2021-04-03 10:41:07,6547083.0,6547084.0,2021-04-03 10:41:07
2021-04-03 10:41:10,6547083.0,6547084.0,2021-04-03 10:41:10
2021-04-03 10:41:14,6547083.0,6547084.0,2021-04-03 10:41:13
2021-04-03 10:41:17,6547083.0,6547084.0,2021-04-03 10:41:17
2021-04-03 10:41:20,6547083.0,6547084.0,2021-04-03 10:41:20
2021-04-03 10:41:23,6547083.0,6547084.0,2021-04-03 10:41:23
2021-04-03 10:41:26,6547083.0,6547084.0,2021-04-03 10:41:26
2021-04-03 10:41:29,6547083.0,6548899.0,2021-04-03 10:41:29
2021-04-03 10:41:32,6547086.0,6547087.0,2021-04-03 10:41:32
2021-04-03 10:41:35,6547086.0,6547088.0,2021-04-03 10:41:35
2021-04-03 10:41:39,6547090.0,6547453.0,2021-04-03 10:41:38
2021-04-03 10:41:42,6547238.0,6547240.0,2021-04-03 10:41:42
2021-04-03 10:41:45,6547241.0,6548107.0,2021-04-03 10:41:45
2021-04-03 10:41:48,6547246.0,6547692.0,2021-04-03 10:41:48
2021-04-03 10:41:51,6547252.0,6547628.0,2021-04-03 10:41:51
2021-04-03 10:41:54,6547252.0,6547253.0,2021-04-03 10:41:54
2021-04-03 10:41:57,6547253.0,6547255.0,2021-04-03 10:41:57
2021-04-03 10:42:00,6547252.0,6549488.0,2021-04-03 10:42:00
2021-04-03 10:42:03,6547252.0,6547255.0,2021-04-03 10:42:03
2021-04-03 10:42:06,6547253.0,6549888.0,2021-04-03 10:42:06
2021-04-03 10:42:09,6547258.0,6547259.0,2021-04-03 10:42:09
2021-04-03 10:42:12,6547258.0,6547259.0,2021-04-03 10:42:12
2021-04-03 10:42:15,6547258.0,6547259.0,2021-04-03 10:42:15
2021-04-03 10:42:18,6547258.0,6547259.0,2021-04-03 10:42:18
2021-04-03 10:42:21,6547258.0,6547259.0,2021-04-03 10:42:21
2021-04-03 10:42:24,6547258.0,6547259.0,2021-04-03 10:42:24
2021-04-03 10:42:27,6547258.0,6547259.0,2021-04-03 10:42:27
2021-04-03 10:42:30,6547258.0,6547259.0,2021-04-03 10:42:30
2021-04-03 10:42:33,6547258.0,6547259.0,2021-04-03 10:42:33
2021-04-03 10:42:37,6547258.0,6547259.0,2021-04-03 10:42:37
2021-04-03 10:42:40,6547258.0,6547259.0,2021-04-03 10:42:40
2021-04-03 10:42:43,6547258.0,6547259.0,2021-04-03 10:42:43
2021-04-03 10:42:46,6547258.0,6547259.0,2021-04-03 10:42:46
2021-04-03 10:42:49,6547232.0,6547258.0,2021-04-03 10:42:49
2021-04-03 10:42:52,6547232.0,6547258.0,2021-04-03 10:42:52
2021-04-03 10:42:55,6547232.0,6547233.0,2021-04-03 10:42:55
2021-04-03 10:42:58,6547077.0,6547078.0,2021-04-03 10:42:58
2021-04-03 10:43:01,6547077.0,6547078.0,2021-04-03 10:43:01
2021-04-03 10:43:04,6546776.0,6546777.0,2021-04-03 10:43:04
2021-04-03 10:43:08,6546776.0,6546777.0,2021-04-03 10:43:07
2021-04-03 10:43:11,6546776.0,6546777.0,2021-04-03 10:43:11
2021-04-03 10:43:14,6546776.0,6546777.0,2021-04-03 10:43:14
2021-04-03 10:43:17,6546776.0,6546777.0,2021-04-03 10:43:17
2021-04-03 10:43:20,6546776.0,6546777.0,2021-04-03 10:43:20
2021-04-03 10:43:23,6546776.0,6546777.0,2021-04-03 10:43:23
2021-04-03 10:43:26,6546776.0,6546777.0,2021-04-03 10:43:26
2021-04-03 10:43:29,6546776.0,6546777.0,2021-04-03 10:43:29
2021-04-03 10:43:32,6546776.0,6546777.0,2021-04-03 10:43:32
2021-04-03 10:43:35,6546776.0,6546777.0,2021-04-03 10:43:35
2021-04-03 10:43:38,6542396.0,6543400.0,2021-04-03 10:43:38
2021-04-03 10:43:42,6542399.0,6542522.0,2021-04-03 10:43:42
2021-04-03 10:43:45,6542402.0,6542523.0,2021-04-03 10:43:45
2021-04-03 10:43:48,6542405.0,6542406.0,2021-04-03 10:43:48
2021-04-03 10:43:51,6542405.0,6542406.0,2021-04-03 10:43:51
2021-04-03 10:43:54,6542165.0,6542404.0,2021-04-03 10:43:54
2021-04-03 10:43:57,6541680.0,6541681.0,2021-04-03 10:43:57
2021-04-03 10:44:00,6541680.0,6541681.0,2021-04-03 10:44:00
2021-04-03 10:44:03,6541680.0,6541681.0,2021-04-03 10:44:03
2021-04-03 10:44:07,6541681.0,6542405.0,2021-04-03 10:44:07
2021-04-03 10:44:10,6541681.0,6542405.0,2021-04-03 10:44:10
2021-04-03 10:44:13,6541685.0,6542405.0,2021-04-03 10:44:13
2021-04-03 10:44:16,6541691.0,6541700.0,2021-04-03 10:44:16
2021-04-03 10:44:19,6541694.0,6541700.0,2021-04-03 10:44:19
2021-04-03 10:44:22,6541695.0,6541700.0,2021-04-03 10:44:22
2021-04-03 10:44:25,6541698.0,6541700.0,2021-04-03 10:44:25
2021-04-03 10:44:28,6541817.0,6542405.0,2021-04-03 10:44:28
2021-04-03 10:44:32,6542110.0,6542405.0,2021-04-03 10:44:32
2021-04-03 10:44:35,6542118.0,6542405.0,2021-04-03 10:44:35
2021-04-03 10:44:38,6542126.0,6544405.0,2021-04-03 10:44:38
2021-04-03 10:44:41,6542135.0,6544405.0,2021-04-03 10:44:41
2021-04-03 10:44:44,6542144.0,6544405.0,2021-04-03 10:44:44
2021-04-03 10:44:47,6542836.0,6544405.0,2021-04-03 10:44:47
2021-04-03 10:44:50,6543280.0,6544405.0,2021-04-03 10:44:50
2021-04-03 10:44:53,6543289.0,6544405.0,2021-04-03 10:44:53
2021-04-03 10:44:56,6543299.0,6544405.0,2021-04-03 10:44:56
2021-04-03 10:44:59,6543305.0,6544405.0,2021-04-03 10:44:59
2021-04-03 10:45:02,6544299.0,6544405.0,2021-04-03 10:45:02
2021-04-03 10:45:06,6544307.0,6544405.0,2021-04-03 10:45:05
2021-04-03 10:45:09,6544314.0,6544405.0,2021-04-03 10:45:09
2021-04-03 10:45:12,6544317.0,6544318.0,2021-04-03 10:45:12
2021-04-03 10:45:15,6544317.0,6544405.0,2021-04-03 10:45:15
2021-04-03 10:45:18,6544317.0,6544318.0,2021-04-03 10:45:18
2021-04-03 10:45:21,6544316.0,6544317.0,2021-04-03 10:45:21
2021-04-03 10:45:24,6544316.0,6544317.0,2021-04-03 10:45:24
2021-04-03 10:45:27,6542668.0,6542822.0,2021-04-03 10:45:27
2021-04-03 10:45:30,6542668.0,6542669.0,2021-04-03 10:45:30
2021-04-03 10:45:33,6542668.0,6542669.0,2021-04-03 10:45:33
2021-04-03 10:45:37,6541680.0,6541681.0,2021-04-03 10:45:36
2021-04-03 10:45:40,6541680.0,6541681.0,2021-04-03 10:45:40
2021-04-03 10:45:43,6541680.0,6541681.0,2021-04-03 10:45:43
2021-04-03 10:45:46,6541680.0,6541681.0,2021-04-03 10:45:46
2021-04-03 10:45:49,6541680.0,6541681.0,2021-04-03 10:45:49
2021-04-03 10:45:52,6541680.0,6541681.0,2021-04-03 10:45:52
2021-04-03 10:45:55,6541680.0,6541681.0,2021-04-03 10:45:55
2021-04-03 10:45:58,6541680.0,6541681.0,2021-04-03 10:45:58
2021-04-03 10:46:01,6541680.0,6541681.0,2021-04-03 10:46:01
2021-04-03 10:46:04,6541680.0,6541681.0,2021-04-03 10:46:04
2021-04-03 10:46:07,6541680.0,6541681.0,2021-04-03 10:46:07
2021-04-03 10:46:10,6541680.0,6541681.0,2021-04-03 10:46:10
2021-04-03 10:46:13,6541680.0,6541681.0,2021-04-03 10:46:13
2021-04-03 10:46:16,6541679.0,6541680.0,2021-04-03 10:46:16
2021-04-03 10:46:19,6541679.0,6541680.0,2021-04-03 10:46:19
2021-04-03 10:46:22,6541679.0,6541680.0,2021-04-03 10:46:22
2021-04-03 10:46:25,6541679.0,6541680.0,2021-04-03 10:46:25
2021-04-03 10:46:28,6541679.0,6541680.0,2021-04-03 10:46:28
2021-04-03 10:46:31,6540538.0,6541679.0,2021-04-03 10:46:31
2021-04-03 10:46:34,6540538.0,6541679.0,2021-04-03 10:46:34
2021-04-03 10:46:38,6540538.0,6541679.0,2021-04-03 10:46:37
2021-04-03 10:46:41,6540006.0,6540007.0,2021-04-03 10:46:41
2021-04-03 10:46:44,6540006.0,6540007.0,2021-04-03 10:46:44
2021-04-03 10:46:47,6540006.0,6540007.0,2021-04-03 10:46:47
2021-04-03 10:46:50,6540006.0,6540007.0,2021-04-03 10:46:50
2021-04-03 10:46:53,6540006.0,6540007.0,2021-04-03 10:46:53
2021-04-03 10:46:56,6540001.0,6540002.0,2021-04-03 10:46:56
2021-04-03 10:46:59,6540001.0,6540002.0,2021-04-03 10:46:59
2021-04-03 10:47:02,6540001.0,6540002.0,2021-04-03 10:47:02
2021-04-03 10:47:05,6540001.0,6540002.0,2021-04-03 10:47:05
2021-04-03 10:47:08,6540001.0,6540002.0,2021-04-03 10:47:08
2021-04-03 10:47:12,6540001.0,6540002.0,2021-04-03 10:47:11
2021-04-03 10:47:15,6539999.0,6540000.0,2021-04-03 10:47:15
2021-04-03 10:47:18,6539818.0,6539819.0,2021-04-03 10:47:18
2021-04-03 10:47:21,6539818.0,6539819.0,2021-04-03 10:47:21
2021-04-03 10:47:24,6539818.0,6539819.0,2021-04-03 10:47:24
2021-04-03 10:47:27,6539818.0,6539819.0,2021-04-03 10:47:27
2021-04-03 10:47:30,6539818.0,6539819.0,2021-04-03 10:47:30
2021-04-03 10:47:34,6539818.0,6539819.0,2021-04-03 10:47:34
2021-04-03 10:47:37,6537557.0,6537558.0,2021-04-03 10:47:37
2021-04-03 10:47:40,6537557.0,6537558.0,2021-04-03 10:47:40
2021-04-03 10:47:43,6537557.0,6537558.0,2021-04-03 10:47:43
2021-04-03 10:47:46,6537557.0,6537558.0,2021-04-03 10:47:46
2021-04-03 10:47:49,6537557.0,6537558.0,2021-04-03 10:47:49
2021-04-03 10:47:52,6537557.0,6537558.0,2021-04-03 10:47:52
2021-04-03 10:47:55,6537502.0,6537505.0,2021-04-03 10:47:55
2021-04-03 10:47:58,6537502.0,6537503.0,2021-04-03 10:47:58
2021-04-03 10:48:01,6536010.0,6536011.0,2021-04-03 10:48:01
2021-04-03 10:48:04,6536010.0,6536011.0,2021-04-03 10:48:04
2021-04-03 10:48:07,6536561.0,6537557.0,2021-04-03 10:48:07
2021-04-03 10:48:11,6537558.0,6538011.0,2021-04-03 10:48:11
2021-04-03 10:48:15,6537562.0,6538011.0,2021-04-03 10:48:15
2021-04-03 10:48:18,6537568.0,6538011.0,2021-04-03 10:48:18
2021-04-03 10:48:21,6537571.0,6538010.0,2021-04-03 10:48:21
2021-04-03 10:48:24,6537578.0,6538010.0,2021-04-03 10:48:24
2021-04-03 10:48:27,6537584.0,6538011.0,2021-04-03 10:48:27
2021-04-03 10:48:30,6537593.0,6538011.0,2021-04-03 10:48:30
2021-04-03 10:48:33,6537603.0,6539000.0,2021-04-03 10:48:33
2021-04-03 10:48:36,6538021.0,6539000.0,2021-04-03 10:48:36
2021-04-03 10:48:39,6539579.0,6540000.0,2021-04-03 10:48:39
2021-04-03 10:48:42,6539586.0,6540000.0,2021-04-03 10:48:42
2021-04-03 10:48:45,6539931.0,6540000.0,2021-04-03 10:48:45
2021-04-03 10:48:48,6539937.0,6540000.0,2021-04-03 10:48:48
2021-04-03 10:48:51,6539944.0,6540000.0,2021-04-03 10:48:51
2021-04-03 10:48:54,6539951.0,6540000.0,2021-04-03 10:48:54
