timestamp,bid,ask,tick_timestamp
2021-04-03 09:23:38,6565275.0,6566619.0,2021-04-03 09:23:38
2021-04-03 09:23:42,6565275.0,6566467.0,2021-04-03 09:23:42
2021-04-03 09:23:45,6565275.0,6566716.0,2021-04-03 09:23:45
2021-04-03 09:23:48,6565275.0,6566528.0,2021-04-03 09:23:48
2021-04-03 09:23:51,6565275.0,6566513.0,2021-04-03 09:23:51
2021-04-03 09:23:54,6564320.0,6566498.0,2021-04-03 09:23:54
2021-04-03 09:23:57,6564099.0,6566482.0,2021-04-03 09:23:57
2021-04-03 09:24:00,6564099.0,6566452.0,2021-04-03 09:24:00
2021-04-03 09:24:03,6564311.0,6566213.0,2021-04-03 09:24:03
2021-04-03 09:24:06,6564099.0,6566183.0,2021-04-03 09:24:06
2021-04-03 09:24:09,6563755.0,6566180.0,2021-04-03 09:24:09
2021-04-03 09:24:12,6563756.0,6566163.0,2021-04-03 09:24:12
2021-04-03 09:24:16,6563756.0,6565688.0,2021-04-03 09:24:15
2021-04-03 09:24:19,6563200.0,6564085.0,2021-04-03 09:24:19
2021-04-03 09:24:22,6563200.0,6565113.0,2021-04-03 09:24:22
2021-04-03 09:24:25,6563200.0,6564983.0,2021-04-03 09:24:25
2021-04-03 09:24:28,6563200.0,6564788.0,2021-04-03 09:24:28
2021-04-03 09:24:31,6563200.0,6564871.0,2021-04-03 09:24:31
2021-04-03 09:24:34,6563200.0,6564962.0,2021-04-03 09:24:34
2021-04-03 09:24:37,6563200.0,6564947.0,2021-04-03 09:24:37
2021-04-03 09:24:40,6564252.0,6564917.0,2021-04-03 09:24:40
2021-04-03 09:24:43,6564253.0,6564950.0,2021-04-03 09:24:43
2021-04-03 09:24:46,6563930.0,6564999.0,2021-04-03 09:24:46
2021-04-03 09:24:49,6563930.0,6564999.0,2021-04-03 09:24:49
2021-04-03 09:24:52,6564241.0,6564999.0,2021-04-03 09:24:52
2021-04-03 09:24:55,6563200.0,6564230.0,2021-04-03 09:24:55
2021-04-03 09:24:58,6563200.0,6564215.0,2021-04-03 09:24:58
2021-04-03 09:25:01,6563766.0,6564230.0,2021-04-03 09:25:01
2021-04-03 09:25:04,6563200.0,6564209.0,2021-04-03 09:25:04
2021-04-03 09:25:07,6563386.0,6564229.0,2021-04-03 09:25:07
2021-04-03 09:25:10,6563200.0,6564486.0,2021-04-03 09:25:10
2021-04-03 09:25:13,6563516.0,6564999.0,2021-04-03 09:25:13
2021-04-03 09:25:17,6566045.0,6566228.0,2021-04-03 09:25:16
2021-04-03 09:25:20,6565536.0,6567400.0,2021-04-03 09:25:20
2021-04-03 09:25:23,6565288.0,6567399.0,2021-04-03 09:25:23
2021-04-03 09:25:26,6564778.0,6567397.0,2021-04-03 09:25:26
2021-04-03 09:25:29,6565554.0,6567397.0,2021-04-03 09:25:29
2021-04-03 09:25:32,6565040.0,6567153.0,2021-04-03 09:25:32
2021-04-03 09:25:35,6564915.0,6566249.0,2021-04-03 09:25:35
2021-04-03 09:25:38,6564486.0,6566249.0,2021-04-03 09:25:38
2021-04-03 09:25:41,6564486.0,6566249.0,2021-04-03 09:25:41
2021-04-03 09:25:44,6564486.0,6566249.0,2021-04-03 09:25:44
2021-04-03 09:25:47,6564905.0,6566249.0,2021-04-03 09:25:47
2021-04-03 09:25:50,6564627.0,6566249.0,2021-04-03 09:25:50
2021-04-03 09:25:53,6564087.0,6566249.0,2021-04-03 09:25:53
2021-04-03 09:25:56,6563751.0,6564276.0,2021-04-03 09:25:56
2021-04-03 09:25:59,6563751.0,6564245.0,2021-04-03 09:25:59
2021-04-03 09:26:02,6563200.0,6563686.0,2021-04-03 09:26:02
2021-04-03 09:26:05,6562808.0,6562897.0,2021-04-03 09:26:05
2021-04-03 09:26:08,6556480.0,6559450.0,2021-04-03 09:26:08
2021-04-03 09:26:11,6556480.0,6558465.0,2021-04-03 09:26:11
2021-04-03 09:26:15,6558001.0,6559448.0,2021-04-03 09:26:14
2021-04-03 09:26:18,6558272.0,6559448.0,2021-04-03 09:26:18
2021-04-03 09:26:21,6558310.0,6559449.0,2021-04-03 09:26:21
2021-04-03 09:26:24,6558870.0,6559391.0,2021-04-03 09:26:24
2021-04-03 09:26:27,6558885.0,6559449.0,2021-04-03 09:26:27
2021-04-03 09:26:30,6559544.0,6560360.0,2021-04-03 09:26:30
2021-04-03 09:26:33,6559559.0,6560505.0,2021-04-03 09:26:33
2021-04-03 09:26:36,6563709.0,6563749.0,2021-04-03 09:26:36
2021-04-03 09:26:39,6562768.0,6564160.0,2021-04-03 09:26:39
2021-04-03 09:26:43,6562757.0,6564276.0,2021-04-03 09:26:42
2021-04-03 09:26:46,6562467.0,6563281.0,2021-04-03 09:26:46
2021-04-03 09:26:49,6560960.0,6563271.0,2021-04-03 09:26:49
2021-04-03 09:26:52,6561236.0,6563018.0,2021-04-03 09:26:52
2021-04-03 09:26:55,6561019.0,6563033.0,2021-04-03 09:26:55
2021-04-03 09:26:58,6562930.0,6563749.0,2021-04-03 09:26:58
2021-04-03 09:27:01,6562930.0,6563667.0,2021-04-03 09:27:01
2021-04-03 09:27:04,6562930.0,6563749.0,2021-04-03 09:27:04
2021-04-03 09:27:07,6562930.0,6563749.0,2021-04-03 09:27:07
2021-04-03 09:27:11,6562420.0,6563749.0,2021-04-03 09:27:10
2021-04-03 09:27:14,6562420.0,6563749.0,2021-04-03 09:27:14
2021-04-03 09:27:17,6563236.0,6563749.0,2021-04-03 09:27:17
2021-04-03 09:27:20,6563236.0,6563749.0,2021-04-03 09:27:20
2021-04-03 09:27:23,6562391.0,6563749.0,2021-04-03 09:27:23
2021-04-03 09:27:26,6563444.0,6564800.0,2021-04-03 09:27:26
2021-04-03 09:27:29,6563444.0,6564800.0,2021-04-03 09:27:29
2021-04-03 09:27:32,6563444.0,6564244.0,2021-04-03 09:27:32
2021-04-03 09:27:35,6562573.0,6564779.0,2021-04-03 09:27:35
2021-04-03 09:27:38,6562573.0,6564780.0,2021-04-03 09:27:38
2021-04-03 09:27:41,6562573.0,6564777.0,2021-04-03 09:27:41
2021-04-03 09:27:44,6562583.0,6564780.0,2021-04-03 09:27:44
2021-04-03 09:27:47,6562593.0,6564999.0,2021-04-03 09:27:47
2021-04-03 09:27:50,6563033.0,6564942.0,2021-04-03 09:27:50
2021-04-03 09:27:53,6562820.0,6565263.0,2021-04-03 09:27:53
2021-04-03 09:27:56,6562830.0,6565016.0,2021-04-03 09:27:56
2021-04-03 09:27:59,6562830.0,6565257.0,2021-04-03 09:27:59
2021-04-03 09:28:02,6562626.0,6564967.0,2021-04-03 09:28:02
2021-04-03 09:28:06,6562573.0,6562756.0,2021-04-03 09:28:05
2021-04-03 09:28:09,6561251.0,6561593.0,2021-04-03 09:28:09
2021-04-03 09:28:12,6556055.0,6556086.0,2021-04-03 09:28:12
2021-04-03 09:28:15,6555597.0,6558381.0,2021-04-03 09:28:15
2021-04-03 09:28:18,6556055.0,6558150.0,2021-04-03 09:28:18
2021-04-03 09:28:21,6556288.0,6558383.0,2021-04-03 09:28:21
2021-04-03 09:28:24,6556307.0,6557379.0,2021-04-03 09:28:24
2021-04-03 09:28:27,6556322.0,6557499.0,2021-04-03 09:28:27
2021-04-03 09:28:30,6556307.0,6557499.0,2021-04-03 09:28:30
2021-04-03 09:28:33,6556307.0,6557379.0,2021-04-03 09:28:33
2021-04-03 09:28:36,6556427.0,6557499.0,2021-04-03 09:28:36
2021-04-03 09:28:39,6556307.0,6557499.0,2021-04-03 09:28:39
2021-04-03 09:28:42,6556317.0,6557493.0,2021-04-03 09:28:42
2021-04-03 09:28:45,6556317.0,6557374.0,2021-04-03 09:28:45
2021-04-03 09:28:48,6556251.0,6558106.0,2021-04-03 09:28:48
2021-04-03 09:28:51,6556266.0,6558332.0,2021-04-03 09:28:51
2021-04-03 09:28:54,6556719.0,6558332.0,2021-04-03 09:28:54
2021-04-03 09:28:57,6556744.0,6558873.0,2021-04-03 09:28:57
2021-04-03 09:29:00,6556759.0,6558873.0,2021-04-03 09:29:00
2021-04-03 09:29:04,6557501.0,6559415.0,2021-04-03 09:29:03
2021-04-03 09:29:07,6557501.0,6559550.0,2021-04-03 09:29:07
2021-04-03 09:29:10,6557501.0,6559078.0,2021-04-03 09:29:10
2021-04-03 09:29:13,6557501.0,6559551.0,2021-04-03 09:29:13
2021-04-03 09:29:16,6556331.0,6559100.0,2021-04-03 09:29:16
2021-04-03 09:29:19,6556332.0,6558749.0,2021-04-03 09:29:19
2021-04-03 09:29:22,6556800.0,6558749.0,2021-04-03 09:29:22
2021-04-03 09:29:25,6556800.0,6558005.0,2021-04-03 09:29:25
2021-04-03 09:29:28,6556800.0,6557695.0,2021-04-03 09:29:28
2021-04-03 09:29:31,6556903.0,6557825.0,2021-04-03 09:29:31
2021-04-03 09:29:34,6556903.0,6557825.0,2021-04-03 09:29:34
2021-04-03 09:29:37,6556800.0,6557000.0,2021-04-03 09:29:37
2021-04-03 09:29:40,6556800.0,6556979.0,2021-04-03 09:29:40
2021-04-03 09:29:43,6557815.0,6558749.0,2021-04-03 09:29:43
2021-04-03 09:29:46,6557819.0,6559612.0,2021-04-03 09:29:46
2021-04-03 09:29:49,6557428.0,6559840.0,2021-04-03 09:29:49
2021-04-03 09:29:52,6557501.0,6559598.0,2021-04-03 09:29:52
2021-04-03 09:29:55,6557749.0,6559840.0,2021-04-03 09:29:55
2021-04-03 09:29:58,6559040.0,6559840.0,2021-04-03 09:29:58
2021-04-03 09:30:02,6561908.0,6562080.0,2021-04-03 09:30:02
2021-04-03 09:30:05,6561289.0,6562080.0,2021-04-03 09:30:05
2021-04-03 09:30:08,6560001.0,6562080.0,2021-04-03 09:30:08
2021-04-03 09:30:12,6560391.0,6562080.0,2021-04-03 09:30:11
2021-04-03 09:30:15,6560707.0,6562000.0,2021-04-03 09:30:15
2021-04-03 09:30:18,6562000.0,6562969.0,2021-04-03 09:30:18
2021-04-03 09:30:21,6559502.0,6562840.0,2021-04-03 09:30:21
2021-04-03 09:30:24,6560069.0,6562561.0,2021-04-03 09:30:24
2021-04-03 09:30:27,6562252.0,6562499.0,2021-04-03 09:30:27
2021-04-03 09:30:30,6562224.0,6562499.0,2021-04-03 09:30:30
2021-04-03 09:30:33,6562224.0,6562499.0,2021-04-03 09:30:33
2021-04-03 09:30:36,6562225.0,6563200.0,2021-04-03 09:30:36
2021-04-03 09:30:39,6562225.0,6563200.0,2021-04-03 09:30:39
2021-04-03 09:30:42,6561724.0,6563200.0,2021-04-03 09:30:42
2021-04-03 09:30:45,6561886.0,6563200.0,2021-04-03 09:30:45
2021-04-03 09:30:48,6561266.0,6563190.0,2021-04-03 09:30:48
2021-04-03 09:30:51,6561474.0,6563190.0,2021-04-03 09:30:51
2021-04-03 09:30:54,6561671.0,6563200.0,2021-04-03 09:30:54
2021-04-03 09:30:57,6564160.0,6564320.0,2021-04-03 09:30:57
2021-04-03 09:31:00,6564160.0,6564999.0,2021-04-03 09:31:00
2021-04-03 09:31:03,6562501.0,6564999.0,2021-04-03 09:31:03
2021-04-03 09:31:07,6562501.0,6564999.0,2021-04-03 09:31:06
2021-04-03 09:31:10,6562575.0,6564999.0,2021-04-03 09:31:10
2021-04-03 09:31:13,6562757.0,6565833.0,2021-04-03 09:31:13
2021-04-03 09:31:16,6562783.0,6565807.0,2021-04-03 09:31:16
2021-04-03 09:31:19,6565532.0,6566560.0,2021-04-03 09:31:19
2021-04-03 09:31:22,6566006.0,6567345.0,2021-04-03 09:31:22
2021-04-03 09:31:25,6566017.0,6567400.0,2021-04-03 09:31:25
2021-04-03 09:31:28,6564993.0,6567092.0,2021-04-03 09:31:28
2021-04-03 09:31:31,6565017.0,6566249.0,2021-04-03 09:31:31
2021-04-03 09:31:34,6565047.0,6566128.0,2021-04-03 09:31:34
2021-04-03 09:31:37,6565062.0,6566249.0,2021-04-03 09:31:37
2021-04-03 09:31:40,6563891.0,6566061.0,2021-04-03 09:31:40
2021-04-03 09:31:43,6563890.0,6565559.0,2021-04-03 09:31:43
2021-04-03 09:31:46,6563890.0,6564138.0,2021-04-03 09:31:46
2021-04-03 09:31:49,6563751.0,6565265.0,2021-04-03 09:31:49
2021-04-03 09:31:52,6563751.0,6563889.0,2021-04-03 09:31:52
2021-04-03 09:31:55,6563751.0,6564976.0,2021-04-03 09:31:55
2021-04-03 09:31:58,6563751.0,6563889.0,2021-04-03 09:31:58
2021-04-03 09:32:02,6563200.0,6563700.0,2021-04-03 09:32:01
2021-04-03 09:32:05,6563200.0,6563700.0,2021-04-03 09:32:05
2021-04-03 09:32:08,6561251.0,6561956.0,2021-04-03 09:32:08
2021-04-03 09:32:11,6560001.0,6562039.0,2021-04-03 09:32:11
2021-04-03 09:32:14,6560929.0,6562039.0,2021-04-03 09:32:14
2021-04-03 09:32:17,6560771.0,6562039.0,2021-04-03 09:32:17
2021-04-03 09:32:20,6561149.0,6562039.0,2021-04-03 09:32:20
2021-04-03 09:32:23,6561149.0,6562039.0,2021-04-03 09:32:23
2021-04-03 09:32:27,6560003.0,6561784.0,2021-04-03 09:32:26
2021-04-03 09:32:30,6558751.0,6559015.0,2021-04-03 09:32:30
2021-04-03 09:32:33,6558751.0,6559009.0,2021-04-03 09:32:33
2021-04-03 09:32:36,6558850.0,6558990.0,2021-04-03 09:32:36
2021-04-03 09:32:39,6559148.0,6559985.0,2021-04-03 09:32:39
2021-04-03 09:32:42,6558850.0,6559985.0,2021-04-03 09:32:42
2021-04-03 09:32:45,6559021.0,6559984.0,2021-04-03 09:32:45
2021-04-03 09:32:48,6558850.0,6559984.0,2021-04-03 09:32:48
2021-04-03 09:32:51,6559189.0,6559984.0,2021-04-03 09:32:51
2021-04-03 09:32:54,6559000.0,6559885.0,2021-04-03 09:32:54
2021-04-03 09:32:57,6559180.0,6559984.0,2021-04-03 09:32:57
2021-04-03 09:33:00,6559194.0,6559984.0,2021-04-03 09:33:00
2021-04-03 09:33:03,6559000.0,6559984.0,2021-04-03 09:33:03
2021-04-03 09:33:06,6559190.0,6559984.0,2021-04-03 09:33:06
2021-04-03 09:33:09,6559000.0,6561128.0,2021-04-03 09:33:09
2021-04-03 09:33:12,6559037.0,6561128.0,2021-04-03 09:33:12
2021-04-03 09:33:15,6560509.0,6561249.0,2021-04-03 09:33:15
2021-04-03 09:33:18,6562316.0,6562499.0,2021-04-03 09:33:18
2021-04-03 09:33:21,6562218.0,6562499.0,2021-04-03 09:33:21
2021-04-03 09:33:25,6562220.0,6563200.0,2021-04-03 09:33:24
2021-04-03 09:33:28,6562855.0,6563749.0,2021-04-03 09:33:28
2021-04-03 09:33:31,6563480.0,6563749.0,2021-04-03 09:33:31
2021-04-03 09:33:34,6563481.0,6564020.0,2021-04-03 09:33:34
2021-04-03 09:33:37,6564055.0,6566249.0,2021-04-03 09:33:37
2021-04-03 09:33:40,6564382.0,6566249.0,2021-04-03 09:33:40
2021-04-03 09:33:43,6564392.0,6566249.0,2021-04-03 09:33:43
2021-04-03 09:33:46,6564569.0,6566236.0,2021-04-03 09:33:46
2021-04-03 09:33:49,6564789.0,6566102.0,2021-04-03 09:33:49
2021-04-03 09:33:52,6563922.0,6565941.0,2021-04-03 09:33:52
2021-04-03 09:33:55,6563858.0,6566006.0,2021-04-03 09:33:55
2021-04-03 09:33:58,6563854.0,6565474.0,2021-04-03 09:33:58
2021-04-03 09:34:01,6563854.0,6565309.0,2021-04-03 09:34:01
2021-04-03 09:34:04,6563854.0,6565472.0,2021-04-03 09:34:04
2021-04-03 09:34:07,6560961.0,6561106.0,2021-04-03 09:34:07
2021-04-03 09:34:10,6562692.0,6563719.0,2021-04-03 09:34:10
2021-04-03 09:34:13,6562693.0,6563749.0,2021-04-03 09:34:13
2021-04-03 09:34:16,6562615.0,6562684.0,2021-04-03 09:34:16
2021-04-03 09:34:19,6562616.0,6562692.0,2021-04-03 09:34:19
2021-04-03 09:34:22,6562616.0,6562691.0,2021-04-03 09:34:22
2021-04-03 09:34:25,6561892.0,6562611.0,2021-04-03 09:34:25
2021-04-03 09:34:29,6561251.0,6562691.0,2021-04-03 09:34:28
2021-04-03 09:34:32,6561266.0,6562691.0,2021-04-03 09:34:32
2021-04-03 09:34:35,6560001.0,6561475.0,2021-04-03 09:34:35
2021-04-03 09:34:38,6560001.0,6560513.0,2021-04-03 09:34:38
2021-04-03 09:34:41,6560001.0,6560513.0,2021-04-03 09:34:41
2021-04-03 09:34:44,6560001.0,6560513.0,2021-04-03 09:34:44
2021-04-03 09:34:47,6560001.0,6560513.0,2021-04-03 09:34:47
2021-04-03 09:34:50,6560001.0,6560513.0,2021-04-03 09:34:50
2021-04-03 09:34:53,6560053.0,6560513.0,2021-04-03 09:34:53
2021-04-03 09:34:56,6560063.0,6560513.0,2021-04-03 09:34:56
2021-04-03 09:34:59,6560001.0,6560053.0,2021-04-03 09:34:59
2021-04-03 09:35:02,6560001.0,6562198.0,2021-04-03 09:35:02
2021-04-03 09:35:05,6560005.0,6562142.0,2021-04-03 09:35:05
2021-04-03 09:35:08,6560001.0,6562142.0,2021-04-03 09:35:08
2021-04-03 09:35:11,6557725.0,6560282.0,2021-04-03 09:35:11
2021-04-03 09:35:14,6557713.0,6558723.0,2021-04-03 09:35:14
2021-04-03 09:35:17,6557600.0,6559990.0,2021-04-03 09:35:17
2021-04-03 09:35:20,6557854.0,6559990.0,2021-04-03 09:35:20
2021-04-03 09:35:24,6558824.0,6559881.0,2021-04-03 09:35:23
2021-04-03 09:35:27,6559991.0,6559999.0,2021-04-03 09:35:27
2021-04-03 09:35:30,6559991.0,6559999.0,2021-04-03 09:35:30
2021-04-03 09:35:33,6559993.0,6560038.0,2021-04-03 09:35:33
2021-04-03 09:35:36,6559993.0,6560038.0,2021-04-03 09:35:36
2021-04-03 09:35:39,6559993.0,6560028.0,2021-04-03 09:35:39
2021-04-03 09:35:42,6559476.0,6560038.0,2021-04-03 09:35:42
2021-04-03 09:35:45,6559476.0,6560038.0,2021-04-03 09:35:45
2021-04-03 09:35:48,6558968.0,6559981.0,2021-04-03 09:35:48
2021-04-03 09:35:51,6558968.0,6560038.0,2021-04-03 09:35:51
2021-04-03 09:35:54,6558968.0,6559930.0,2021-04-03 09:35:54
2021-04-03 09:35:57,6558968.0,6560038.0,2021-04-03 09:35:57
2021-04-03 09:36:00,6558968.0,6559467.0,2021-04-03 09:36:00
2021-04-03 09:36:03,6556480.0,6556968.0,2021-04-03 09:36:03
2021-04-03 09:36:06,6556480.0,6557453.0,2021-04-03 09:36:06
2021-04-03 09:36:09,6556480.0,6557437.0,2021-04-03 09:36:09
2021-04-03 09:36:12,6556480.0,6557437.0,2021-04-03 09:36:12
2021-04-03 09:36:15,6556480.0,6557437.0,2021-04-03 09:36:15
2021-04-03 09:36:18,6558420.0,6558749.0,2021-04-03 09:36:18
2021-04-03 09:36:21,6558420.0,6558749.0,2021-04-03 09:36:21
2021-04-03 09:36:25,6558420.0,6558749.0,2021-04-03 09:36:24
2021-04-03 09:36:28,6556480.0,6558748.0,2021-04-03 09:36:28
2021-04-03 09:36:31,6558422.0,6559999.0,2021-04-03 09:36:31
2021-04-03 09:36:34,6558303.0,6559999.0,2021-04-03 09:36:34
2021-04-03 09:36:37,6558309.0,6559999.0,2021-04-03 09:36:37
2021-04-03 09:36:40,6558334.0,6559832.0,2021-04-03 09:36:40
2021-04-03 09:36:43,6558349.0,6559999.0,2021-04-03 09:36:43
2021-04-03 09:36:46,6558530.0,6559999.0,2021-04-03 09:36:46
2021-04-03 09:36:49,6558391.0,6559371.0,2021-04-03 09:36:49
2021-04-03 09:36:52,6557610.0,6558451.0,2021-04-03 09:36:52
2021-04-03 09:36:55,6558839.0,6559999.0,2021-04-03 09:36:55
2021-04-03 09:36:58,6560044.0,6561249.0,2021-04-03 09:36:58
2021-04-03 09:37:02,6559602.0,6562000.0,2021-04-03 09:37:02
2021-04-03 09:37:05,6560201.0,6562000.0,2021-04-03 09:37:05
2021-04-03 09:37:08,6559519.0,6562000.0,2021-04-03 09:37:08
2021-04-03 09:37:11,6560032.0,6561990.0,2021-04-03 09:37:11
2021-04-03 09:37:15,6561043.0,6562499.0,2021-04-03 09:37:14
2021-04-03 09:37:18,6563811.0,6564278.0,2021-04-03 09:37:18
2021-04-03 09:37:21,6563831.0,6564999.0,2021-04-03 09:37:21
2021-04-03 09:37:24,6563966.0,6565000.0,2021-04-03 09:37:24
2021-04-03 09:37:27,6564027.0,6565440.0,2021-04-03 09:37:27
2021-04-03 09:37:30,6564142.0,6565440.0,2021-04-03 09:37:30
2021-04-03 09:37:33,6564142.0,6565440.0,2021-04-03 09:37:33
2021-04-03 09:37:36,6564239.0,6566249.0,2021-04-03 09:37:36
2021-04-03 09:37:39,6564451.0,6566249.0,2021-04-03 09:37:39
2021-04-03 09:37:42,6562998.0,6563199.0,2021-04-03 09:37:42
2021-04-03 09:37:45,6562804.0,6563198.0,2021-04-03 09:37:45
2021-04-03 09:37:48,6562635.0,6563198.0,2021-04-03 09:37:48
2021-04-03 09:37:51,6562517.0,6564571.0,2021-04-03 09:37:51
2021-04-03 09:37:54,6563199.0,6564636.0,2021-04-03 09:37:54
2021-04-03 09:37:57,6563219.0,6563953.0,2021-04-03 09:37:57
2021-04-03 09:38:00,6563001.0,6564290.0,2021-04-03 09:38:00
2021-04-03 09:38:03,6563001.0,6564320.0,2021-04-03 09:38:03
2021-04-03 09:38:06,6563001.0,6564320.0,2021-04-03 09:38:06
2021-04-03 09:38:09,6563000.0,6563116.0,2021-04-03 09:38:09
2021-04-03 09:38:12,6563000.0,6563927.0,2021-04-03 09:38:12
2021-04-03 09:38:16,6563000.0,6563747.0,2021-04-03 09:38:15
2021-04-03 09:38:19,6563000.0,6563737.0,2021-04-03 09:38:19
2021-04-03 09:38:22,6563000.0,6563727.0,2021-04-03 09:38:22
2021-04-03 09:38:25,6563000.0,6563688.0,2021-04-03 09:38:25
2021-04-03 09:38:28,6563000.0,6563677.0,2021-04-03 09:38:28
2021-04-03 09:38:31,6563000.0,6563664.0,2021-04-03 09:38:31
2021-04-03 09:38:34,6563000.0,6563674.0,2021-04-03 09:38:34
2021-04-03 09:38:37,6563000.0,6563644.0,2021-04-03 09:38:37
2021-04-03 09:38:40,6562501.0,6562930.0,2021-04-03 09:38:40
2021-04-03 09:38:43,6561102.0,6562682.0,2021-04-03 09:38:43
2021-04-03 09:38:46,6560554.0,6562657.0,2021-04-03 09:38:46
2021-04-03 09:38:49,6560899.0,6562591.0,2021-04-03 09:38:49
2021-04-03 09:38:52,6560554.0,6562663.0,2021-04-03 09:38:52
2021-04-03 09:38:55,6560554.0,6562452.0,2021-04-03 09:38:55
2021-04-03 09:38:58,6560230.0,6562599.0,2021-04-03 09:38:58
2021-04-03 09:39:01,6559000.0,6559013.0,2021-04-03 09:39:01
2021-04-03 09:39:04,6558751.0,6559022.0,2021-04-03 09:39:04
2021-04-03 09:39:08,6558720.0,6558958.0,2021-04-03 09:39:08
2021-04-03 09:39:11,6558720.0,6558957.0,2021-04-03 09:39:11
2021-04-03 09:39:14,6558720.0,6558957.0,2021-04-03 09:39:14
2021-04-03 09:39:17,6557645.0,6558594.0,2021-04-03 09:39:17
2021-04-03 09:39:20,6557645.0,6558695.0,2021-04-03 09:39:20
2021-04-03 09:39:23,6557645.0,6558666.0,2021-04-03 09:39:23
2021-04-03 09:39:26,6557645.0,6558695.0,2021-04-03 09:39:26
2021-04-03 09:39:29,6557645.0,6558893.0,2021-04-03 09:39:29
2021-04-03 09:39:32,6558691.0,6558730.0,2021-04-03 09:39:32
2021-04-03 09:39:35,6557645.0,6558666.0,2021-04-03 09:39:35
2021-04-03 09:39:38,6557600.0,6558893.0,2021-04-03 09:39:38
2021-04-03 09:39:41,6557600.0,6558893.0,2021-04-03 09:39:41
2021-04-03 09:39:44,6556480.0,6558264.0,2021-04-03 09:39:44
2021-04-03 09:39:47,6556480.0,6558252.0,2021-04-03 09:39:47
2021-04-03 09:39:51,6556480.0,6557398.0,2021-04-03 09:39:50
2021-04-03 09:39:54,6555360.0,6556093.0,2021-04-03 09:39:54
2021-04-03 09:39:57,6555441.0,6556166.0,2021-04-03 09:39:57
2021-04-03 09:40:00,6555360.0,6555858.0,2021-04-03 09:40:00
2021-04-03 09:40:03,6555360.0,6555858.0,2021-04-03 09:40:03
2021-04-03 09:40:06,6557693.0,6558931.0,2021-04-03 09:40:06
2021-04-03 09:40:09,6559068.0,6559835.0,2021-04-03 09:40:09
2021-04-03 09:40:12,6556986.0,6559344.0,2021-04-03 09:40:12
2021-04-03 09:40:16,6557610.0,6558581.0,2021-04-03 09:40:16
2021-04-03 09:40:19,6558389.0,6558753.0,2021-04-03 09:40:19
2021-04-03 09:40:22,6558389.0,6559617.0,2021-04-03 09:40:22
2021-04-03 09:40:25,6558389.0,6559694.0,2021-04-03 09:40:25
2021-04-03 09:40:28,6559500.0,6559840.0,2021-04-03 09:40:28
2021-04-03 09:40:31,6558389.0,6558706.0,2021-04-03 09:40:31
2021-04-03 09:40:34,6557501.0,6559383.0,2021-04-03 09:40:34
2021-04-03 09:40:37,6556404.0,6556524.0,2021-04-03 09:40:37
2021-04-03 09:40:40,6556376.0,6557338.0,2021-04-03 09:40:40
2021-04-03 09:40:43,6555360.0,6556980.0,2021-04-03 09:40:43
2021-04-03 09:40:47,6556037.0,6557544.0,2021-04-03 09:40:46
2021-04-03 09:40:50,6556037.0,6557550.0,2021-04-03 09:40:50
2021-04-03 09:40:53,6556052.0,6557499.0,2021-04-03 09:40:53
2021-04-03 09:40:56,6553116.0,6554607.0,2021-04-03 09:40:56
2021-04-03 09:40:59,6553000.0,6553116.0,2021-04-03 09:40:59
2021-04-03 09:41:02,6552000.0,6552494.0,2021-04-03 09:41:02
2021-04-03 09:41:05,6552495.0,6552673.0,2021-04-03 09:41:05
2021-04-03 09:41:08,6551829.0,6552673.0,2021-04-03 09:41:08
2021-04-03 09:41:11,6551849.0,6552590.0,2021-04-03 09:41:11
2021-04-03 09:41:14,6551829.0,6552511.0,2021-04-03 09:41:14
2021-04-03 09:41:17,6551829.0,6552576.0,2021-04-03 09:41:17
2021-04-03 09:41:20,6551830.0,6552566.0,2021-04-03 09:41:20
2021-04-03 09:41:23,6551830.0,6552636.0,2021-04-03 09:41:23
2021-04-03 09:41:26,6551910.0,6552626.0,2021-04-03 09:41:26
2021-04-03 09:41:29,6552019.0,6553712.0,2021-04-03 09:41:29
2021-04-03 09:41:32,6551830.0,6553712.0,2021-04-03 09:41:32
2021-04-03 09:41:35,6551840.0,6553524.0,2021-04-03 09:41:35
2021-04-03 09:41:38,6551830.0,6551842.0,2021-04-03 09:41:38
2021-04-03 09:41:41,6551830.0,6552408.0,2021-04-03 09:41:41
2021-04-03 09:41:44,6551830.0,6552408.0,2021-04-03 09:41:44
2021-04-03 09:41:48,6551830.0,6553441.0,2021-04-03 09:41:47
2021-04-03 09:41:51,6551830.0,6553577.0,2021-04-03 09:41:51
2021-04-03 09:41:54,6551830.0,6553749.0,2021-04-03 09:41:54
2021-04-03 09:41:57,6553288.0,6554774.0,2021-04-03 09:41:57
2021-04-03 09:42:00,6553288.0,6554999.0,2021-04-03 09:42:00
2021-04-03 09:42:03,6555727.0,6556000.0,2021-04-03 09:42:03
2021-04-03 09:42:06,6555728.0,6556000.0,2021-04-03 09:42:06
2021-04-03 09:42:09,6556489.0,6558720.0,2021-04-03 09:42:09
2021-04-03 09:42:12,6556489.0,6558720.0,2021-04-03 09:42:12
2021-04-03 09:42:15,6556489.0,6558720.0,2021-04-03 09:42:15
2021-04-03 09:42:18,6556489.0,6558720.0,2021-04-03 09:42:18
2021-04-03 09:42:21,6556489.0,6558487.0,2021-04-03 09:42:21
2021-04-03 09:42:24,6556489.0,6557868.0,2021-04-03 09:42:24
2021-04-03 09:42:27,6556489.0,6557868.0,2021-04-03 09:42:27
2021-04-03 09:42:30,6555150.0,6557208.0,2021-04-03 09:42:30
2021-04-03 09:42:33,6555001.0,6557265.0,2021-04-03 09:42:33
2021-04-03 09:42:36,6555767.0,6557349.0,2021-04-03 09:42:36
2021-04-03 09:42:39,6555364.0,6556249.0,2021-04-03 09:42:39
2021-04-03 09:42:42,6555711.0,6556249.0,2021-04-03 09:42:42
2021-04-03 09:42:46,6557258.0,6559067.0,2021-04-03 09:42:45
2021-04-03 09:42:49,6557258.0,6559067.0,2021-04-03 09:42:49
2021-04-03 09:42:52,6557258.0,6558594.0,2021-04-03 09:42:52
2021-04-03 09:42:55,6557501.0,6559249.0,2021-04-03 09:42:55
2021-04-03 09:42:58,6557501.0,6559234.0,2021-04-03 09:42:58
2021-04-03 09:43:01,6557501.0,6559219.0,2021-04-03 09:43:01
2021-04-03 09:43:04,6557501.0,6559489.0,2021-04-03 09:43:04
2021-04-03 09:43:07,6557501.0,6559479.0,2021-04-03 09:43:07
2021-04-03 09:43:10,6557501.0,6559840.0,2021-04-03 09:43:10
2021-04-03 09:43:13,6560661.0,6561748.0,2021-04-03 09:43:13
2021-04-03 09:43:17,6563723.0,6563749.0,2021-04-03 09:43:16
2021-04-03 09:43:20,6560948.0,6562763.0,2021-04-03 09:43:20
2021-04-03 09:43:23,6561251.0,6563314.0,2021-04-03 09:43:23
2021-04-03 09:43:26,6561769.0,6563499.0,2021-04-03 09:43:26
2021-04-03 09:43:29,6562009.0,6563749.0,2021-04-03 09:43:29
2021-04-03 09:43:32,6561752.0,6563814.0,2021-04-03 09:43:32
2021-04-03 09:43:35,6561251.0,6563552.0,2021-04-03 09:43:35
2021-04-03 09:43:38,6562501.0,6563446.0,2021-04-03 09:43:38
2021-04-03 09:43:41,6561251.0,6563303.0,2021-04-03 09:43:41
2021-04-03 09:43:45,6561251.0,6563299.0,2021-04-03 09:43:44
2021-04-03 09:43:48,6561251.0,6563296.0,2021-04-03 09:43:48
2021-04-03 09:43:51,6560587.0,6563303.0,2021-04-03 09:43:51
2021-04-03 09:43:54,6561039.0,6563303.0,2021-04-03 09:43:54
2021-04-03 09:43:57,6560682.0,6562499.0,2021-04-03 09:43:57
2021-04-03 09:44:00,6560682.0,6563299.0,2021-04-03 09:44:00
2021-04-03 09:44:03,6560510.0,6563303.0,2021-04-03 09:44:03
2021-04-03 09:44:06,6560914.0,6563303.0,2021-04-03 09:44:06
2021-04-03 09:44:09,6561251.0,6563303.0,2021-04-03 09:44:09
2021-04-03 09:44:13,6560560.0,6561096.0,2021-04-03 09:44:13
2021-04-03 09:44:16,6560560.0,6561200.0,2021-04-03 09:44:16
2021-04-03 09:44:19,6560410.0,6561919.0,2021-04-03 09:44:19
2021-04-03 09:44:22,6560001.0,6561766.0,2021-04-03 09:44:22
2021-04-03 09:44:25,6560959.0,6561919.0,2021-04-03 09:44:25
2021-04-03 09:44:28,6560959.0,6561919.0,2021-04-03 09:44:28
2021-04-03 09:44:31,6560959.0,6561919.0,2021-04-03 09:44:31
2021-04-03 09:44:34,6560538.0,6561919.0,2021-04-03 09:44:34
2021-04-03 09:44:38,6560001.0,6561919.0,2021-04-03 09:44:37
2021-04-03 09:44:41,6560784.0,6561919.0,2021-04-03 09:44:41
2021-04-03 09:44:44,6560001.0,6561919.0,2021-04-03 09:44:44
2021-04-03 09:44:47,6560577.0,6561919.0,2021-04-03 09:44:47
2021-04-03 09:44:50,6560577.0,6561919.0,2021-04-03 09:44:50
2021-04-03 09:44:53,6560577.0,6561919.0,2021-04-03 09:44:53
2021-04-03 09:44:56,6560577.0,6561919.0,2021-04-03 09:44:56
2021-04-03 09:44:59,6560577.0,6561919.0,2021-04-03 09:44:59
2021-04-03 09:45:02,6560577.0,6561919.0,2021-04-03 09:45:02
2021-04-03 09:45:05,6560577.0,6561919.0,2021-04-03 09:45:05
2021-04-03 09:45:08,6560577.0,6562499.0,2021-04-03 09:45:08
2021-04-03 09:45:11,6560587.0,6562499.0,2021-04-03 09:45:11
2021-04-03 09:45:14,6561543.0,6562499.0,2021-04-03 09:45:14
2021-04-03 09:45:17,6561996.0,6562499.0,2021-04-03 09:45:17
2021-04-03 09:45:20,6564661.0,6564999.0,2021-04-03 09:45:20
2021-04-03 09:45:23,6564661.0,6564999.0,2021-04-03 09:45:23
2021-04-03 09:45:27,6565001.0,6565440.0,2021-04-03 09:45:27
2021-04-03 09:45:30,6565220.0,6565417.0,2021-04-03 09:45:30
2021-04-03 09:45:33,6565220.0,6565440.0,2021-04-03 09:45:33
2021-04-03 09:45:36,6565220.0,6565440.0,2021-04-03 09:45:36
2021-04-03 09:45:39,6565002.0,6565440.0,2021-04-03 09:45:39
2021-04-03 09:45:42,6565002.0,6565440.0,2021-04-03 09:45:42
2021-04-03 09:45:45,6564708.0,6565440.0,2021-04-03 09:45:45
2021-04-03 09:45:48,6563996.0,6565440.0,2021-04-03 09:45:48
2021-04-03 09:45:51,6564530.0,6565440.0,2021-04-03 09:45:51
2021-04-03 09:45:54,6564865.0,6565440.0,2021-04-03 09:45:54
2021-04-03 09:45:57,6565152.0,6565440.0,2021-04-03 09:45:57
2021-04-03 09:46:00,6565152.0,6565440.0,2021-04-03 09:46:00
2021-04-03 09:46:03,6565152.0,6565440.0,2021-04-03 09:46:03
2021-04-03 09:46:07,6565152.0,6565440.0,2021-04-03 09:46:06
2021-04-03 09:46:10,6565152.0,6565440.0,2021-04-03 09:46:10
2021-04-03 09:46:13,6565393.0,6566196.0,2021-04-03 09:46:13
2021-04-03 09:46:16,6563908.0,6565241.0,2021-04-03 09:46:16
2021-04-03 09:46:19,6564649.0,6565389.0,2021-04-03 09:46:19
2021-04-03 09:46:22,6564649.0,6565314.0,2021-04-03 09:46:22
2021-04-03 09:46:25,6564649.0,6565389.0,2021-04-03 09:46:25
2021-04-03 09:46:28,6564649.0,6565389.0,2021-04-03 09:46:28
2021-04-03 09:46:31,6564649.0,6565314.0,2021-04-03 09:46:31
2021-04-03 09:46:34,6565389.0,6565390.0,2021-04-03 09:46:34
2021-04-03 09:46:37,6564345.0,6565389.0,2021-04-03 09:46:37
2021-04-03 09:46:40,6564256.0,6565388.0,2021-04-03 09:46:40
2021-04-03 09:46:43,6563751.0,6564199.0,2021-04-03 09:46:43
2021-04-03 09:46:47,6563623.0,6564249.0,2021-04-03 09:46:47
2021-04-03 09:46:50,6563013.0,6564249.0,2021-04-03 09:46:50
2021-04-03 09:46:53,6562501.0,6563652.0,2021-04-03 09:46:53
2021-04-03 09:46:56,6562080.0,6563249.0,2021-04-03 09:46:56
2021-04-03 09:46:59,6561251.0,6561903.0,2021-04-03 09:46:59
2021-04-03 09:47:02,6561251.0,6562911.0,2021-04-03 09:47:02
2021-04-03 09:47:05,6561251.0,6562866.0,2021-04-03 09:47:05
2021-04-03 09:47:08,6561251.0,6561968.0,2021-04-03 09:47:08
2021-04-03 09:47:11,6561092.0,6562849.0,2021-04-03 09:47:11
2021-04-03 09:47:14,6561092.0,6562834.0,2021-04-03 09:47:14
2021-04-03 09:47:17,6561092.0,6562834.0,2021-04-03 09:47:17
2021-04-03 09:47:20,6561675.0,6562484.0,2021-04-03 09:47:20
2021-04-03 09:47:23,6561675.0,6562499.0,2021-04-03 09:47:23
2021-04-03 09:47:26,6561675.0,6562499.0,2021-04-03 09:47:26
2021-04-03 09:47:29,6562595.0,6562850.0,2021-04-03 09:47:29
2021-04-03 09:47:33,6562727.0,6562808.0,2021-04-03 09:47:33
2021-04-03 09:47:36,6562726.0,6563370.0,2021-04-03 09:47:36
2021-04-03 09:47:39,6562063.0,6563035.0,2021-04-03 09:47:39
2021-04-03 09:47:42,6561814.0,6563025.0,2021-04-03 09:47:42
2021-04-03 09:47:45,6562054.0,6563749.0,2021-04-03 09:47:45
2021-04-03 09:47:48,6562054.0,6563734.0,2021-04-03 09:47:48
2021-04-03 09:47:51,6561251.0,6563475.0,2021-04-03 09:47:51
2021-04-03 09:47:54,6561251.0,6563242.0,2021-04-03 09:47:54
2021-04-03 09:47:57,6561251.0,6563465.0,2021-04-03 09:47:57
2021-04-03 09:48:00,6561251.0,6563435.0,2021-04-03 09:48:00
2021-04-03 09:48:03,6561251.0,6563420.0,2021-04-03 09:48:03
2021-04-03 09:48:07,6560502.0,6560887.0,2021-04-03 09:48:07
2021-04-03 09:48:10,6560500.0,6560929.0,2021-04-03 09:48:10
2021-04-03 09:48:13,6560500.0,6560880.0,2021-04-03 09:48:13
2021-04-03 09:48:16,6560500.0,6560800.0,2021-04-03 09:48:16
2021-04-03 09:48:19,6560000.0,6560001.0,2021-04-03 09:48:19
2021-04-03 09:48:23,6560000.0,6560001.0,2021-04-03 09:48:23
2021-04-03 09:48:26,6559500.0,6559580.0,2021-04-03 09:48:26
2021-04-03 09:48:29,6559500.0,6560028.0,2021-04-03 09:48:29
2021-04-03 09:48:32,6559500.0,6560414.0,2021-04-03 09:48:32
2021-04-03 09:48:35,6559500.0,6560467.0,2021-04-03 09:48:35
2021-04-03 09:48:38,6559515.0,6560716.0,2021-04-03 09:48:38
2021-04-03 09:48:41,6559515.0,6560312.0,2021-04-03 09:48:41
2021-04-03 09:48:44,6559500.0,6559781.0,2021-04-03 09:48:44
2021-04-03 09:48:47,6559500.0,6559781.0,2021-04-03 09:48:47
2021-04-03 09:48:50,6559000.0,6559473.0,2021-04-03 09:48:50
2021-04-03 09:48:53,6559000.0,6559382.0,2021-04-03 09:48:53
2021-04-03 09:48:56,6559000.0,6559479.0,2021-04-03 09:48:56
2021-04-03 09:48:59,6559015.0,6559500.0,2021-04-03 09:48:59
2021-04-03 09:49:02,6559630.0,6561063.0,2021-04-03 09:49:02
2021-04-03 09:49:05,6561377.0,6562419.0,2021-04-03 09:49:05
2021-04-03 09:49:09,6561402.0,6562366.0,2021-04-03 09:49:09
2021-04-03 09:49:12,6559632.0,6562800.0,2021-04-03 09:49:12
2021-04-03 09:49:15,6560001.0,6563018.0,2021-04-03 09:49:15
2021-04-03 09:49:18,6561451.0,6563200.0,2021-04-03 09:49:18
2021-04-03 09:49:21,6561461.0,6563200.0,2021-04-03 09:49:21
2021-04-03 09:49:24,6561476.0,6563000.0,2021-04-03 09:49:24
2021-04-03 09:49:27,6561491.0,6563000.0,2021-04-03 09:49:27
2021-04-03 09:49:30,6561545.0,6563000.0,2021-04-03 09:49:30
2021-04-03 09:49:33,6562857.0,6563000.0,2021-04-03 09:49:33
2021-04-03 09:49:36,6561571.0,6563000.0,2021-04-03 09:49:36
2021-04-03 09:49:39,6562202.0,6562311.0,2021-04-03 09:49:39
2021-04-03 09:49:42,6562218.0,6563000.0,2021-04-03 09:49:42
2021-04-03 09:49:46,6561693.0,6562995.0,2021-04-03 09:49:45
2021-04-03 09:49:49,6562266.0,6564129.0,2021-04-03 09:49:49
2021-04-03 09:49:52,6562285.0,6564650.0,2021-04-03 09:49:52
2021-04-03 09:49:55,6562300.0,6564650.0,2021-04-03 09:49:55
2021-04-03 09:49:58,6562501.0,6564654.0,2021-04-03 09:49:58
2021-04-03 09:50:01,6562695.0,6564433.0,2021-04-03 09:50:01
2021-04-03 09:50:04,6562757.0,6564446.0,2021-04-03 09:50:04
2021-04-03 09:50:07,6562757.0,6564446.0,2021-04-03 09:50:07
2021-04-03 09:50:10,6562632.0,6564632.0,2021-04-03 09:50:10
2021-04-03 09:50:13,6562938.0,6564999.0,2021-04-03 09:50:13
2021-04-03 09:50:16,6562477.0,6564923.0,2021-04-03 09:50:16
2021-04-03 09:50:19,6562487.0,6563748.0,2021-04-03 09:50:19
2021-04-03 09:50:22,6562516.0,6563941.0,2021-04-03 09:50:22
2021-04-03 09:50:25,6562690.0,6564100.0,2021-04-03 09:50:25
2021-04-03 09:50:28,6563751.0,6564100.0,2021-04-03 09:50:28
2021-04-03 09:50:31,6562089.0,6563746.0,2021-04-03 09:50:31
2021-04-03 09:50:34,6562097.0,6563736.0,2021-04-03 09:50:34
2021-04-03 09:50:37,6562097.0,6563461.0,2021-04-03 09:50:37
2021-04-03 09:50:40,6562080.0,6563451.0,2021-04-03 09:50:40
2021-04-03 09:50:44,6559000.0,6559276.0,2021-04-03 09:50:43
2021-04-03 09:50:47,6559000.0,6559086.0,2021-04-03 09:50:47
2021-04-03 09:50:50,6559022.0,6561071.0,2021-04-03 09:50:50
2021-04-03 09:50:53,6559022.0,6561071.0,2021-04-03 09:50:53
2021-04-03 09:50:56,6559022.0,6561076.0,2021-04-03 09:50:56
2021-04-03 09:50:59,6559022.0,6561076.0,2021-04-03 09:50:59
2021-04-03 09:51:02,6559022.0,6561061.0,2021-04-03 09:51:02
2021-04-03 09:51:05,6559702.0,6561065.0,2021-04-03 09:51:05
2021-04-03 09:51:08,6560029.0,6562498.0,2021-04-03 09:51:08
2021-04-03 09:51:11,6560512.0,6562498.0,2021-04-03 09:51:11
2021-04-03 09:51:15,6560935.0,6563200.0,2021-04-03 09:51:14
2021-04-03 09:51:18,6560907.0,6562451.0,2021-04-03 09:51:18
2021-04-03 09:51:21,6561251.0,6562149.0,2021-04-03 09:51:21
2021-04-03 09:51:24,6562674.0,6563689.0,2021-04-03 09:51:24
2021-04-03 09:51:27,6561697.0,6563568.0,2021-04-03 09:51:27
2021-04-03 09:51:30,6561411.0,6563546.0,2021-04-03 09:51:30
2021-04-03 09:51:33,6561639.0,6563568.0,2021-04-03 09:51:33
2021-04-03 09:51:36,6561610.0,6563383.0,2021-04-03 09:51:36
2021-04-03 09:51:39,6561412.0,6563383.0,2021-04-03 09:51:39
2021-04-03 09:51:42,6561655.0,6563382.0,2021-04-03 09:51:42
2021-04-03 09:51:45,6562500.0,6563382.0,2021-04-03 09:51:45
2021-04-03 09:51:48,6562500.0,6563382.0,2021-04-03 09:51:48
2021-04-03 09:51:51,6563681.0,6563689.0,2021-04-03 09:51:51
2021-04-03 09:51:54,6563585.0,6563689.0,2021-04-03 09:51:54
2021-04-03 09:51:57,6564456.0,6564999.0,2021-04-03 09:51:57
2021-04-03 09:52:00,6564392.0,6564999.0,2021-04-03 09:52:00
2021-04-03 09:52:03,6564371.0,6564999.0,2021-04-03 09:52:03
2021-04-03 09:52:07,6565095.0,6565430.0,2021-04-03 09:52:06
2021-04-03 09:52:10,6563782.0,6565430.0,2021-04-03 09:52:10
2021-04-03 09:52:13,6563797.0,6565637.0,2021-04-03 09:52:13
2021-04-03 09:52:16,6563908.0,6565790.0,2021-04-03 09:52:16
2021-04-03 09:52:19,6563783.0,6565770.0,2021-04-03 09:52:19
2021-04-03 09:52:22,6563783.0,6565760.0,2021-04-03 09:52:22
2021-04-03 09:52:25,6563783.0,6566240.0,2021-04-03 09:52:25
2021-04-03 09:52:28,6563783.0,6566229.0,2021-04-03 09:52:28
2021-04-03 09:52:31,6563783.0,6565996.0,2021-04-03 09:52:31
2021-04-03 09:52:34,6563783.0,6565996.0,2021-04-03 09:52:34
2021-04-03 09:52:37,6563798.0,6565986.0,2021-04-03 09:52:37
2021-04-03 09:52:40,6563798.0,6565986.0,2021-04-03 09:52:40
2021-04-03 09:52:43,6563995.0,6565976.0,2021-04-03 09:52:43
2021-04-03 09:52:46,6563995.0,6565966.0,2021-04-03 09:52:46
2021-04-03 09:52:49,6563995.0,6565956.0,2021-04-03 09:52:49
2021-04-03 09:52:52,6564010.0,6565936.0,2021-04-03 09:52:52
2021-04-03 09:52:55,6564216.0,6565926.0,2021-04-03 09:52:55
2021-04-03 09:52:58,6564039.0,6565726.0,2021-04-03 09:52:58
2021-04-03 09:53:01,6564039.0,6565916.0,2021-04-03 09:53:01
2021-04-03 09:53:05,6566230.0,6566249.0,2021-04-03 09:53:04
2021-04-03 09:53:08,6566829.0,6567072.0,2021-04-03 09:53:08
2021-04-03 09:53:11,6566483.0,6566804.0,2021-04-03 09:53:11
2021-04-03 09:53:14,6566816.0,6567499.0,2021-04-03 09:53:14
2021-04-03 09:53:17,6566805.0,6567499.0,2021-04-03 09:53:17
2021-04-03 09:53:20,6566805.0,6567429.0,2021-04-03 09:53:20
2021-04-03 09:53:23,6566415.0,6567499.0,2021-04-03 09:53:23
2021-04-03 09:53:26,6566415.0,6567499.0,2021-04-03 09:53:26
2021-04-03 09:53:29,6566430.0,6567499.0,2021-04-03 09:53:29
2021-04-03 09:53:32,6566430.0,6567499.0,2021-04-03 09:53:32
2021-04-03 09:53:36,6566552.0,6567499.0,2021-04-03 09:53:35
2021-04-03 09:53:39,6566552.0,6567499.0,2021-04-03 09:53:39
2021-04-03 09:53:42,6566440.0,6567499.0,2021-04-03 09:53:42
2021-04-03 09:53:45,6566063.0,6567484.0,2021-04-03 09:53:45
2021-04-03 09:53:48,6567006.0,6567499.0,2021-04-03 09:53:48
2021-04-03 09:53:51,6568769.0,6569335.0,2021-04-03 09:53:51
2021-04-03 09:53:54,6568488.0,6569464.0,2021-04-03 09:53:54
2021-04-03 09:53:57,6570497.0,6571000.0,2021-04-03 09:53:57
2021-04-03 09:54:00,6571010.0,6572160.0,2021-04-03 09:54:00
2021-04-03 09:54:03,6570305.0,6572160.0,2021-04-03 09:54:03
2021-04-03 09:54:06,6570312.0,6572160.0,2021-04-03 09:54:06
2021-04-03 09:54:09,6571537.0,6572145.0,2021-04-03 09:54:09
2021-04-03 09:54:12,6570248.0,6571426.0,2021-04-03 09:54:12
2021-04-03 09:54:15,6570248.0,6572160.0,2021-04-03 09:54:15
2021-04-03 09:54:18,6570248.0,6571830.0,2021-04-03 09:54:18
2021-04-03 09:54:21,6569966.0,6571954.0,2021-04-03 09:54:21
2021-04-03 09:54:24,6569615.0,6571737.0,2021-04-03 09:54:24
2021-04-03 09:54:27,6569272.0,6571249.0,2021-04-03 09:54:27
2021-04-03 09:54:30,6569091.0,6571241.0,2021-04-03 09:54:30
2021-04-03 09:54:33,6569091.0,6571238.0,2021-04-03 09:54:33
2021-04-03 09:54:36,6570001.0,6571208.0,2021-04-03 09:54:36
2021-04-03 09:54:40,6569784.0,6571056.0,2021-04-03 09:54:39
2021-04-03 09:54:43,6569315.0,6571041.0,2021-04-03 09:54:43
2021-04-03 09:54:46,6569627.0,6570000.0,2021-04-03 09:54:46
2021-04-03 09:54:49,6569813.0,6569999.0,2021-04-03 09:54:49
2021-04-03 09:54:52,6568953.0,6569979.0,2021-04-03 09:54:52
2021-04-03 09:54:55,6568958.0,6569999.0,2021-04-03 09:54:55
2021-04-03 09:54:58,6568248.0,6569894.0,2021-04-03 09:54:58
2021-04-03 09:55:01,6566800.0,6569883.0,2021-04-03 09:55:01
2021-04-03 09:55:04,6567851.0,6569864.0,2021-04-03 09:55:04
2021-04-03 09:55:08,6568900.0,6570028.0,2021-04-03 09:55:07
2021-04-03 09:55:11,6569904.0,6570834.0,2021-04-03 09:55:11
2021-04-03 09:55:14,6569904.0,6570834.0,2021-04-03 09:55:14
2021-04-03 09:55:17,6569848.0,6570839.0,2021-04-03 09:55:17
2021-04-03 09:55:20,6569848.0,6570839.0,2021-04-03 09:55:20
2021-04-03 09:55:23,6570904.0,6571249.0,2021-04-03 09:55:23
2021-04-03 09:55:26,6571180.0,6571249.0,2021-04-03 09:55:26
2021-04-03 09:55:29,6571180.0,6571249.0,2021-04-03 09:55:29
2021-04-03 09:55:32,6571360.0,6571864.0,2021-04-03 09:55:32
2021-04-03 09:55:36,6571566.0,6571864.0,2021-04-03 09:55:35
2021-04-03 09:55:39,6571566.0,6571864.0,2021-04-03 09:55:39
2021-04-03 09:55:42,6571566.0,6571864.0,2021-04-03 09:55:42
2021-04-03 09:55:45,6571566.0,6571864.0,2021-04-03 09:55:45
2021-04-03 09:55:48,6571566.0,6571864.0,2021-04-03 09:55:48
2021-04-03 09:55:51,6571566.0,6571864.0,2021-04-03 09:55:51
2021-04-03 09:55:54,6571566.0,6571864.0,2021-04-03 09:55:54
2021-04-03 09:55:57,6571232.0,6572157.0,2021-04-03 09:55:57
2021-04-03 09:56:00,6571232.0,6572157.0,2021-04-03 09:56:00
2021-04-03 09:56:03,6571232.0,6572157.0,2021-04-03 09:56:03
2021-04-03 09:56:06,6571232.0,6572157.0,2021-04-03 09:56:06
2021-04-03 09:56:09,6570468.0,6572160.0,2021-04-03 09:56:09
2021-04-03 09:56:12,6570482.0,6571992.0,2021-04-03 09:56:12
2021-04-03 09:56:15,6570909.0,6572158.0,2021-04-03 09:56:15
2021-04-03 09:56:18,6571489.0,6572158.0,2021-04-03 09:56:18
2021-04-03 09:56:21,6573172.0,6573277.0,2021-04-03 09:56:21
2021-04-03 09:56:24,6572539.0,6573280.0,2021-04-03 09:56:24
2021-04-03 09:56:27,6572832.0,6573280.0,2021-04-03 09:56:27
2021-04-03 09:56:30,6572832.0,6573746.0,2021-04-03 09:56:30
2021-04-03 09:56:33,6572832.0,6573746.0,2021-04-03 09:56:33
2021-04-03 09:56:37,6572922.0,6573746.0,2021-04-03 09:56:36
2021-04-03 09:56:40,6574019.0,6574400.0,2021-04-03 09:56:40
2021-04-03 09:56:43,6573212.0,6574400.0,2021-04-03 09:56:43
2021-04-03 09:56:46,6573040.0,6574263.0,2021-04-03 09:56:46
2021-04-03 09:56:49,6573617.0,6574400.0,2021-04-03 09:56:49
2021-04-03 09:56:52,6574455.0,6574823.0,2021-04-03 09:56:52
2021-04-03 09:56:55,6573711.0,6574823.0,2021-04-03 09:56:55
2021-04-03 09:56:58,6573033.0,6574810.0,2021-04-03 09:56:58
2021-04-03 09:57:01,6573815.0,6574820.0,2021-04-03 09:57:01
2021-04-03 09:57:04,6573510.0,6574820.0,2021-04-03 09:57:04
2021-04-03 09:57:07,6573510.0,6574165.0,2021-04-03 09:57:07
2021-04-03 09:57:10,6573495.0,6574820.0,2021-04-03 09:57:10
2021-04-03 09:57:13,6573386.0,6574810.0,2021-04-03 09:57:13
2021-04-03 09:57:16,6573642.0,6574820.0,2021-04-03 09:57:16
2021-04-03 09:57:19,6573525.0,6574820.0,2021-04-03 09:57:19
2021-04-03 09:57:22,6573540.0,6574820.0,2021-04-03 09:57:22
2021-04-03 09:57:25,6573555.0,6574820.0,2021-04-03 09:57:25
2021-04-03 09:57:29,6573988.0,6574820.0,2021-04-03 09:57:28
2021-04-03 09:57:32,6574439.0,6575811.0,2021-04-03 09:57:32
2021-04-03 09:57:35,6574438.0,6575672.0,2021-04-03 09:57:35
2021-04-03 09:57:38,6573238.0,6573700.0,2021-04-03 09:57:38
2021-04-03 09:57:41,6573001.0,6574690.0,2021-04-03 09:57:41
2021-04-03 09:57:44,6573001.0,6574299.0,2021-04-03 09:57:44
2021-04-03 09:57:47,6573001.0,6574299.0,2021-04-03 09:57:47
2021-04-03 09:57:50,6573758.0,6574689.0,2021-04-03 09:57:50
2021-04-03 09:57:53,6573016.0,6574689.0,2021-04-03 09:57:53
2021-04-03 09:57:56,6573248.0,6574731.0,2021-04-03 09:57:56
2021-04-03 09:57:59,6573249.0,6574731.0,2021-04-03 09:57:59
2021-04-03 09:58:02,6573249.0,6574731.0,2021-04-03 09:58:02
2021-04-03 09:58:05,6574216.0,6575811.0,2021-04-03 09:58:05
2021-04-03 09:58:08,6573411.0,6576202.0,2021-04-03 09:58:08
2021-04-03 09:58:11,6576382.0,6576640.0,2021-04-03 09:58:11
2021-04-03 09:58:14,6576700.0,6577000.0,2021-04-03 09:58:14
2021-04-03 09:58:17,6576851.0,6577499.0,2021-04-03 09:58:17
2021-04-03 09:58:20,6576850.0,6577499.0,2021-04-03 09:58:20
2021-04-03 09:58:23,6576801.0,6577707.0,2021-04-03 09:58:23
2021-04-03 09:58:27,6576816.0,6577707.0,2021-04-03 09:58:26
2021-04-03 09:58:30,6576835.0,6577760.0,2021-04-03 09:58:30
2021-04-03 09:58:33,6577130.0,6577760.0,2021-04-03 09:58:33
2021-04-03 09:58:36,6576700.0,6577557.0,2021-04-03 09:58:36
2021-04-03 09:58:39,6575001.0,6576690.0,2021-04-03 09:58:39
2021-04-03 09:58:42,6575001.0,6576906.0,2021-04-03 09:58:42
2021-04-03 09:58:45,6576359.0,6576906.0,2021-04-03 09:58:45
2021-04-03 09:58:48,6576298.0,6578100.0,2021-04-03 09:58:48
2021-04-03 09:58:51,6575881.0,6578100.0,2021-04-03 09:58:51
2021-04-03 09:58:54,6577563.0,6578100.0,2021-04-03 09:58:54
2021-04-03 09:58:58,6576251.0,6578215.0,2021-04-03 09:58:57
2021-04-03 09:59:01,6576908.0,6578247.0,2021-04-03 09:59:01
2021-04-03 09:59:04,6578247.0,6578446.0,2021-04-03 09:59:04
2021-04-03 09:59:07,6578275.0,6578446.0,2021-04-03 09:59:07
2021-04-03 09:59:10,6578282.0,6578446.0,2021-04-03 09:59:10
2021-04-03 09:59:13,6578285.0,6579845.0,2021-04-03 09:59:13
2021-04-03 09:59:16,6576530.0,6578103.0,2021-04-03 09:59:16
2021-04-03 09:59:19,6577502.0,6578869.0,2021-04-03 09:59:19
2021-04-03 09:59:22,6578938.0,6579599.0,2021-04-03 09:59:22
2021-04-03 09:59:25,6577622.0,6578654.0,2021-04-03 09:59:25
2021-04-03 09:59:28,6577622.0,6578550.0,2021-04-03 09:59:28
2021-04-03 09:59:31,6577574.0,6578474.0,2021-04-03 09:59:31
2021-04-03 09:59:34,6577574.0,6578474.0,2021-04-03 09:59:34
2021-04-03 09:59:37,6577320.0,6579542.0,2021-04-03 09:59:37
2021-04-03 09:59:40,6577330.0,6578749.0,2021-04-03 09:59:40
2021-04-03 09:59:43,6577194.0,6578577.0,2021-04-03 09:59:43
2021-04-03 09:59:46,6577461.0,6578577.0,2021-04-03 09:59:46
2021-04-03 09:59:49,6577574.0,6578572.0,2021-04-03 09:59:49
2021-04-03 09:59:52,6577192.0,6578571.0,2021-04-03 09:59:52
2021-04-03 09:59:55,6577195.0,6578565.0,2021-04-03 09:59:55
2021-04-03 09:59:59,6577198.0,6578108.0,2021-04-03 09:59:58
2021-04-03 10:00:02,6576259.0,6577029.0,2021-04-03 10:00:02
2021-04-03 10:00:05,6576157.0,6576183.0,2021-04-03 10:00:05
2021-04-03 10:00:08,6575001.0,6576064.0,2021-04-03 10:00:08
2021-04-03 10:00:11,6575001.0,6575861.0,2021-04-03 10:00:11
2021-04-03 10:00:15,6573000.0,6573708.0,2021-04-03 10:00:14
2021-04-03 10:00:18,6571251.0,6571570.0,2021-04-03 10:00:18
2021-04-03 10:00:21,6571040.0,6571241.0,2021-04-03 10:00:21
2021-04-03 10:00:24,6570001.0,6570323.0,2021-04-03 10:00:24
2021-04-03 10:00:27,6568342.0,6568606.0,2021-04-03 10:00:27
2021-04-03 10:00:30,6568606.0,6569487.0,2021-04-03 10:00:30
2021-04-03 10:00:33,6570480.0,6571606.0,2021-04-03 10:00:33
2021-04-03 10:00:36,6570116.0,6571089.0,2021-04-03 10:00:36
2021-04-03 10:00:39,6570263.0,6571529.0,2021-04-03 10:00:39
2021-04-03 10:00:42,6572896.0,6573581.0,2021-04-03 10:00:42
2021-04-03 10:00:45,6572459.0,6574681.0,2021-04-03 10:00:45
2021-04-03 10:00:48,6572463.0,6574459.0,2021-04-03 10:00:48
2021-04-03 10:00:51,6572483.0,6573868.0,2021-04-03 10:00:51
2021-04-03 10:00:54,6572642.0,6574000.0,2021-04-03 10:00:54
2021-04-03 10:00:57,6575003.0,6576289.0,2021-04-03 10:00:57
2021-04-03 10:01:00,6575006.0,6576493.0,2021-04-03 10:01:00
2021-04-03 10:01:03,6575005.0,6575927.0,2021-04-03 10:01:03
2021-04-03 10:01:06,6575001.0,6575271.0,2021-04-03 10:01:06
2021-04-03 10:01:10,6573751.0,6574772.0,2021-04-03 10:01:09
2021-04-03 10:01:13,6573752.0,6574083.0,2021-04-03 10:01:13
2021-04-03 10:01:16,6573873.0,6574938.0,2021-04-03 10:01:16
2021-04-03 10:01:19,6573875.0,6574246.0,2021-04-03 10:01:19
2021-04-03 10:01:22,6573875.0,6574208.0,2021-04-03 10:01:22
2021-04-03 10:01:25,6573876.0,6574208.0,2021-04-03 10:01:25
2021-04-03 10:01:28,6573879.0,6574246.0,2021-04-03 10:01:28
2021-04-03 10:01:31,6573881.0,6574246.0,2021-04-03 10:01:31
2021-04-03 10:01:34,6574661.0,6575000.0,2021-04-03 10:01:34
2021-04-03 10:01:37,6575014.0,6576249.0,2021-04-03 10:01:37
2021-04-03 10:01:40,6575014.0,6576249.0,2021-04-03 10:01:40
2021-04-03 10:01:43,6575016.0,6575171.0,2021-04-03 10:01:43
2021-04-03 10:01:46,6573920.0,6575791.0,2021-04-03 10:01:46
2021-04-03 10:01:49,6573920.0,6575776.0,2021-04-03 10:01:49
2021-04-03 10:01:52,6574027.0,6575255.0,2021-04-03 10:01:52
2021-04-03 10:01:55,6574191.0,6575573.0,2021-04-03 10:01:55
2021-04-03 10:01:58,6574201.0,6575090.0,2021-04-03 10:01:58
2021-04-03 10:02:01,6573868.0,6575100.0,2021-04-03 10:02:01
2021-04-03 10:02:04,6573799.0,6574623.0,2021-04-03 10:02:04
2021-04-03 10:02:07,6573809.0,6574623.0,2021-04-03 10:02:07
2021-04-03 10:02:10,6573819.0,6574623.0,2021-04-03 10:02:10
2021-04-03 10:02:14,6572519.0,6572883.0,2021-04-03 10:02:13
2021-04-03 10:02:17,6571251.0,6572883.0,2021-04-03 10:02:17
2021-04-03 10:02:20,6571251.0,6572883.0,2021-04-03 10:02:20
2021-04-03 10:02:23,6571251.0,6572752.0,2021-04-03 10:02:23
2021-04-03 10:02:26,6571251.0,6571420.0,2021-04-03 10:02:26
2021-04-03 10:02:29,6571268.0,6571420.0,2021-04-03 10:02:29
2021-04-03 10:02:32,6571251.0,6571420.0,2021-04-03 10:02:32
2021-04-03 10:02:35,6571268.0,6571420.0,2021-04-03 10:02:35
2021-04-03 10:02:38,6571251.0,6571420.0,2021-04-03 10:02:38
2021-04-03 10:02:41,6571251.0,6571420.0,2021-04-03 10:02:41
2021-04-03 10:02:44,6571422.0,6573749.0,2021-04-03 10:02:44
2021-04-03 10:02:47,6571490.0,6573523.0,2021-04-03 10:02:47
2021-04-03 10:02:50,6571490.0,6573963.0,2021-04-03 10:02:50
2021-04-03 10:02:53,6571731.0,6574207.0,2021-04-03 10:02:53
2021-04-03 10:02:56,6571731.0,6574169.0,2021-04-03 10:02:56
2021-04-03 10:03:00,6572679.0,6574276.0,2021-04-03 10:02:59
2021-04-03 10:03:03,6572679.0,6574537.0,2021-04-03 10:03:03
2021-04-03 10:03:06,6572709.0,6574148.0,2021-04-03 10:03:06
2021-04-03 10:03:09,6572709.0,6574930.0,2021-04-03 10:03:09
2021-04-03 10:03:12,6572515.0,6574114.0,2021-04-03 10:03:12
2021-04-03 10:03:15,6572515.0,6574512.0,2021-04-03 10:03:15
2021-04-03 10:03:18,6572501.0,6574301.0,2021-04-03 10:03:18
2021-04-03 10:03:21,6574116.0,6574999.0,2021-04-03 10:03:21
2021-04-03 10:03:24,6574115.0,6574948.0,2021-04-03 10:03:24
2021-04-03 10:03:27,6573194.0,6574567.0,2021-04-03 10:03:27
2021-04-03 10:03:30,6573181.0,6574225.0,2021-04-03 10:03:30
2021-04-03 10:03:33,6574226.0,6574999.0,2021-04-03 10:03:33
2021-04-03 10:03:36,6574226.0,6574999.0,2021-04-03 10:03:36
2021-04-03 10:03:39,6574076.0,6574707.0,2021-04-03 10:03:39
2021-04-03 10:03:42,6574076.0,6574742.0,2021-04-03 10:03:42
2021-04-03 10:03:45,6574207.0,6574742.0,2021-04-03 10:03:45
2021-04-03 10:03:49,6574147.0,6574742.0,2021-04-03 10:03:48
2021-04-03 10:03:52,6574239.0,6574999.0,2021-04-03 10:03:52
2021-04-03 10:03:55,6574147.0,6574999.0,2021-04-03 10:03:55
2021-04-03 10:03:58,6574147.0,6574999.0,2021-04-03 10:03:58
2021-04-03 10:04:01,6574147.0,6574999.0,2021-04-03 10:04:01
2021-04-03 10:04:04,6574192.0,6574999.0,2021-04-03 10:04:04
2021-04-03 10:04:07,6574248.0,6574923.0,2021-04-03 10:04:07
2021-04-03 10:04:10,6574092.0,6574999.0,2021-04-03 10:04:10
2021-04-03 10:04:13,6574070.0,6574906.0,2021-04-03 10:04:13
2021-04-03 10:04:16,6573870.0,6574999.0,2021-04-03 10:04:16
2021-04-03 10:04:19,6574290.0,6574999.0,2021-04-03 10:04:19
2021-04-03 10:04:22,6574290.0,6575520.0,2021-04-03 10:04:22
2021-04-03 10:04:25,6573870.0,6575540.0,2021-04-03 10:04:25
2021-04-03 10:04:28,6574220.0,6575798.0,2021-04-03 10:04:28
2021-04-03 10:04:31,6574235.0,6575798.0,2021-04-03 10:04:31
2021-04-03 10:04:34,6574250.0,6575798.0,2021-04-03 10:04:34
2021-04-03 10:04:37,6574205.0,6575798.0,2021-04-03 10:04:37
2021-04-03 10:04:40,6574280.0,6576188.0,2021-04-03 10:04:40
2021-04-03 10:04:43,6574361.0,6576188.0,2021-04-03 10:04:43
2021-04-03 10:04:47,6574325.0,6575390.0,2021-04-03 10:04:46
2021-04-03 10:04:50,6573948.0,6574753.0,2021-04-03 10:04:50
2021-04-03 10:04:53,6573965.0,6576034.0,2021-04-03 10:04:53
2021-04-03 10:04:56,6573766.0,6575188.0,2021-04-03 10:04:56
2021-04-03 10:04:59,6573781.0,6574890.0,2021-04-03 10:04:59
2021-04-03 10:05:02,6573881.0,6575646.0,2021-04-03 10:05:02
2021-04-03 10:05:05,6573941.0,6575643.0,2021-04-03 10:05:05
2021-04-03 10:05:08,6573766.0,6575244.0,2021-04-03 10:05:08
2021-04-03 10:05:11,6573384.0,6575244.0,2021-04-03 10:05:11
2021-04-03 10:05:14,6573414.0,6574592.0,2021-04-03 10:05:14
2021-04-03 10:05:17,6573561.0,6574477.0,2021-04-03 10:05:17
2021-04-03 10:05:20,6573384.0,6573977.0,2021-04-03 10:05:20
2021-04-03 10:05:23,6573384.0,6573973.0,2021-04-03 10:05:23
2021-04-03 10:05:26,6571253.0,6572487.0,2021-04-03 10:05:26
2021-04-03 10:05:29,6571538.0,6573963.0,2021-04-03 10:05:29
2021-04-03 10:05:32,6572220.0,6573749.0,2021-04-03 10:05:32
2021-04-03 10:05:35,6572500.0,6573746.0,2021-04-03 10:05:35
2021-04-03 10:05:38,6572515.0,6573746.0,2021-04-03 10:05:38
2021-04-03 10:05:42,6572565.0,6573736.0,2021-04-03 10:05:41
2021-04-03 10:05:45,6572500.0,6573749.0,2021-04-03 10:05:45
2021-04-03 10:05:48,6572237.0,6572731.0,2021-04-03 10:05:48
2021-04-03 10:05:51,6572221.0,6573738.0,2021-04-03 10:05:51
2021-04-03 10:05:54,6572237.0,6573587.0,2021-04-03 10:05:54
2021-04-03 10:05:57,6572222.0,6573000.0,2021-04-03 10:05:57
2021-04-03 10:06:00,6572224.0,6572987.0,2021-04-03 10:06:00
2021-04-03 10:06:03,6573098.0,6573749.0,2021-04-03 10:06:03
2021-04-03 10:06:06,6573114.0,6574996.0,2021-04-03 10:06:06
2021-04-03 10:06:09,6573100.0,6574996.0,2021-04-03 10:06:09
2021-04-03 10:06:12,6573132.0,6574996.0,2021-04-03 10:06:12
2021-04-03 10:06:15,6573132.0,6574996.0,2021-04-03 10:06:15
2021-04-03 10:06:18,6573132.0,6574961.0,2021-04-03 10:06:18
2021-04-03 10:06:21,6573142.0,6574996.0,2021-04-03 10:06:21
2021-04-03 10:06:24,6573752.0,6574996.0,2021-04-03 10:06:24
2021-04-03 10:06:27,6573753.0,6574996.0,2021-04-03 10:06:27
2021-04-03 10:06:30,6573854.0,6574970.0,2021-04-03 10:06:30
2021-04-03 10:06:33,6573755.0,6574684.0,2021-04-03 10:06:33
2021-04-03 10:06:36,6573850.0,6574970.0,2021-04-03 10:06:36
2021-04-03 10:06:39,6573759.0,6574805.0,2021-04-03 10:06:39
2021-04-03 10:06:43,6573762.0,6574999.0,2021-04-03 10:06:42
2021-04-03 10:06:46,6573765.0,6574999.0,2021-04-03 10:06:46
2021-04-03 10:06:49,6573768.0,6574683.0,2021-04-03 10:06:49
2021-04-03 10:06:52,6573768.0,6574996.0,2021-04-03 10:06:52
2021-04-03 10:06:55,6573768.0,6574804.0,2021-04-03 10:06:55
2021-04-03 10:06:58,6573768.0,6574804.0,2021-04-03 10:06:58
2021-04-03 10:07:01,6573143.0,6573736.0,2021-04-03 10:07:01
2021-04-03 10:07:04,6573143.0,6573861.0,2021-04-03 10:07:04
2021-04-03 10:07:07,6573863.0,6574999.0,2021-04-03 10:07:07
2021-04-03 10:07:10,6572983.0,6574999.0,2021-04-03 10:07:10
2021-04-03 10:07:13,6572581.0,6574992.0,2021-04-03 10:07:13
2021-04-03 10:07:16,6572581.0,6574663.0,2021-04-03 10:07:16
2021-04-03 10:07:19,6572581.0,6574663.0,2021-04-03 10:07:19
2021-04-03 10:07:22,6572501.0,6574446.0,2021-04-03 10:07:22
2021-04-03 10:07:25,6572221.0,6572398.0,2021-04-03 10:07:25
2021-04-03 10:07:28,6571194.0,6572924.0,2021-04-03 10:07:28
2021-04-03 10:07:31,6571001.0,6572731.0,2021-04-03 10:07:31
2021-04-03 10:07:35,6570598.0,6572499.0,2021-04-03 10:07:34
2021-04-03 10:07:38,6570873.0,6572499.0,2021-04-03 10:07:38
2021-04-03 10:07:41,6571065.0,6572355.0,2021-04-03 10:07:41
2021-04-03 10:07:44,6571080.0,6572499.0,2021-04-03 10:07:44
2021-04-03 10:07:47,6571237.0,6573341.0,2021-04-03 10:07:47
2021-04-03 10:07:50,6571016.0,6572260.0,2021-04-03 10:07:50
2021-04-03 10:07:53,6571251.0,6572748.0,2021-04-03 10:07:53
2021-04-03 10:07:56,6571251.0,6571524.0,2021-04-03 10:07:56
2021-04-03 10:07:59,6571251.0,6571524.0,2021-04-03 10:07:59
2021-04-03 10:08:02,6571251.0,6571524.0,2021-04-03 10:08:02
2021-04-03 10:08:05,6571251.0,6571978.0,2021-04-03 10:08:05
2021-04-03 10:08:08,6569509.0,6571974.0,2021-04-03 10:08:08
2021-04-03 10:08:11,6569524.0,6571409.0,2021-04-03 10:08:11
2021-04-03 10:08:14,6569524.0,6571341.0,2021-04-03 10:08:14
2021-04-03 10:08:17,6569532.0,6571341.0,2021-04-03 10:08:17
2021-04-03 10:08:20,6569532.0,6571249.0,2021-04-03 10:08:20
2021-04-03 10:08:24,6569562.0,6570809.0,2021-04-03 10:08:23
2021-04-03 10:08:27,6569384.0,6570464.0,2021-04-03 10:08:27
2021-04-03 10:08:30,6569361.0,6570264.0,2021-04-03 10:08:30
2021-04-03 10:08:33,6567680.0,6569725.0,2021-04-03 10:08:33
2021-04-03 10:08:36,6567985.0,6569180.0,2021-04-03 10:08:36
2021-04-03 10:08:39,6568167.0,6569180.0,2021-04-03 10:08:39
2021-04-03 10:08:42,6567985.0,6569910.0,2021-04-03 10:08:42
2021-04-03 10:08:45,6567501.0,6568854.0,2021-04-03 10:08:45
2021-04-03 10:08:48,6566742.0,6568325.0,2021-04-03 10:08:48
2021-04-03 10:08:51,6566560.0,6568151.0,2021-04-03 10:08:51
2021-04-03 10:08:54,6566563.0,6568151.0,2021-04-03 10:08:54
2021-04-03 10:08:57,6566560.0,6568199.0,2021-04-03 10:08:57
2021-04-03 10:09:00,6567991.0,6568199.0,2021-04-03 10:09:00
2021-04-03 10:09:03,6567991.0,6568685.0,2021-04-03 10:09:03
2021-04-03 10:09:06,6566850.0,6568749.0,2021-04-03 10:09:06
2021-04-03 10:09:09,6566866.0,6569061.0,2021-04-03 10:09:09
2021-04-03 10:09:12,6566218.0,6568482.0,2021-04-03 10:09:12
2021-04-03 10:09:15,6566320.0,6568520.0,2021-04-03 10:09:15
2021-04-03 10:09:18,6566553.0,6568510.0,2021-04-03 10:09:18
2021-04-03 10:09:21,6567658.0,6569244.0,2021-04-03 10:09:21
2021-04-03 10:09:24,6569358.0,6569920.0,2021-04-03 10:09:24
2021-04-03 10:09:28,6567509.0,6569920.0,2021-04-03 10:09:27
2021-04-03 10:09:31,6567515.0,6569920.0,2021-04-03 10:09:31
2021-04-03 10:09:34,6567883.0,6569872.0,2021-04-03 10:09:34
2021-04-03 10:09:37,6568087.0,6569920.0,2021-04-03 10:09:37
2021-04-03 10:09:40,6568102.0,6569920.0,2021-04-03 10:09:40
2021-04-03 10:09:43,6568132.0,6569901.0,2021-04-03 10:09:43
2021-04-03 10:09:46,6567908.0,6569901.0,2021-04-03 10:09:46
2021-04-03 10:09:49,6567908.0,6569920.0,2021-04-03 10:09:49
2021-04-03 10:09:52,6567903.0,6569670.0,2021-04-03 10:09:52
2021-04-03 10:09:55,6568313.0,6569660.0,2021-04-03 10:09:55
2021-04-03 10:09:58,6567634.0,6569660.0,2021-04-03 10:09:58
2021-04-03 10:10:01,6568471.0,6569650.0,2021-04-03 10:10:01
2021-04-03 10:10:04,6568471.0,6569650.0,2021-04-03 10:10:04
2021-04-03 10:10:07,6568103.0,6569640.0,2021-04-03 10:10:07
2021-04-03 10:10:10,6568371.0,6569630.0,2021-04-03 10:10:10
2021-04-03 10:10:13,6568358.0,6569630.0,2021-04-03 10:10:13
2021-04-03 10:10:16,6568837.0,6569806.0,2021-04-03 10:10:16
2021-04-03 10:10:20,6568462.0,6569796.0,2021-04-03 10:10:20
2021-04-03 10:10:23,6568868.0,6569796.0,2021-04-03 10:10:23
2021-04-03 10:10:26,6568868.0,6569703.0,2021-04-03 10:10:26
2021-04-03 10:10:29,6570592.0,6570678.0,2021-04-03 10:10:29
2021-04-03 10:10:32,6571010.0,6571040.0,2021-04-03 10:10:32
2021-04-03 10:10:35,6573511.0,6573749.0,2021-04-03 10:10:35
2021-04-03 10:10:39,6573219.0,6573749.0,2021-04-03 10:10:39
2021-04-03 10:10:42,6574728.0,6574752.0,2021-04-03 10:10:42
2021-04-03 10:10:45,6574023.0,6574916.0,2021-04-03 10:10:45
2021-04-03 10:10:48,6574023.0,6574916.0,2021-04-03 10:10:48
2021-04-03 10:10:51,6574187.0,6574999.0,2021-04-03 10:10:51
2021-04-03 10:10:54,6574188.0,6574999.0,2021-04-03 10:10:54
2021-04-03 10:10:58,6573219.0,6574998.0,2021-04-03 10:10:58
2021-04-03 10:11:01,6571605.0,6573401.0,2021-04-03 10:11:01
2021-04-03 10:11:04,6571781.0,6573355.0,2021-04-03 10:11:04
2021-04-03 10:11:07,6571607.0,6573749.0,2021-04-03 10:11:07
2021-04-03 10:11:10,6571621.0,6573734.0,2021-04-03 10:11:10
2021-04-03 10:11:13,6571252.0,6573117.0,2021-04-03 10:11:13
2021-04-03 10:11:16,6571283.0,6573112.0,2021-04-03 10:11:16
2021-04-03 10:11:19,6571252.0,6571620.0,2021-04-03 10:11:19
2021-04-03 10:11:22,6571252.0,6571620.0,2021-04-03 10:11:22
2021-04-03 10:11:25,6571252.0,6571619.0,2021-04-03 10:11:25
2021-04-03 10:11:28,6571252.0,6571604.0,2021-04-03 10:11:28
2021-04-03 10:11:31,6569600.0,6569769.0,2021-04-03 10:11:31
2021-04-03 10:11:35,6569600.0,6569705.0,2021-04-03 10:11:35
2021-04-03 10:11:38,6568000.0,6569552.0,2021-04-03 10:11:38
2021-04-03 10:11:41,6568000.0,6569395.0,2021-04-03 10:11:41
2021-04-03 10:11:44,6568000.0,6568632.0,2021-04-03 10:11:44
2021-04-03 10:11:47,6568000.0,6568702.0,2021-04-03 10:11:47
2021-04-03 10:11:50,6567680.0,6568372.0,2021-04-03 10:11:50
2021-04-03 10:11:53,6568000.0,6568166.0,2021-04-03 10:11:53
2021-04-03 10:11:56,6568000.0,6568138.0,2021-04-03 10:11:56
2021-04-03 10:11:59,6567680.0,6567885.0,2021-04-03 10:11:59
2021-04-03 10:12:02,6567680.0,6567885.0,2021-04-03 10:12:02
2021-04-03 10:12:05,6566816.0,6568048.0,2021-04-03 10:12:05
2021-04-03 10:12:08,6566560.0,6568126.0,2021-04-03 10:12:08
2021-04-03 10:12:11,6565960.0,6567982.0,2021-04-03 10:12:11
2021-04-03 10:12:14,6565975.0,6567982.0,2021-04-03 10:12:14
2021-04-03 10:12:17,6565977.0,6567499.0,2021-04-03 10:12:17
2021-04-03 10:12:20,6565440.0,6566928.0,2021-04-03 10:12:20
2021-04-03 10:12:24,6565440.0,6567034.0,2021-04-03 10:12:23
2021-04-03 10:12:27,6565440.0,6567382.0,2021-04-03 10:12:27
2021-04-03 10:12:30,6565440.0,6567382.0,2021-04-03 10:12:30
2021-04-03 10:12:33,6565440.0,6567207.0,2021-04-03 10:12:33
2021-04-03 10:12:36,6565440.0,6567201.0,2021-04-03 10:12:36
2021-04-03 10:12:39,6565440.0,6567207.0,2021-04-03 10:12:39
2021-04-03 10:12:42,6565440.0,6567499.0,2021-04-03 10:12:42
2021-04-03 10:12:45,6565832.0,6567494.0,2021-04-03 10:12:45
2021-04-03 10:12:48,6565842.0,6567494.0,2021-04-03 10:12:48
2021-04-03 10:12:51,6567609.0,6567989.0,2021-04-03 10:12:51
2021-04-03 10:12:54,6567652.0,6568032.0,2021-04-03 10:12:54
2021-04-03 10:12:57,6567219.0,6568107.0,2021-04-03 10:12:57
2021-04-03 10:13:00,6567219.0,6568107.0,2021-04-03 10:13:00
2021-04-03 10:13:03,6568331.0,6569254.0,2021-04-03 10:13:03
2021-04-03 10:13:07,6568337.0,6569552.0,2021-04-03 10:13:07
2021-04-03 10:13:10,6566520.0,6568905.0,2021-04-03 10:13:10
2021-04-03 10:13:13,6565917.0,6568193.0,2021-04-03 10:13:13
2021-04-03 10:13:16,6565978.0,6567724.0,2021-04-03 10:13:16
2021-04-03 10:13:19,6565119.0,6567719.0,2021-04-03 10:13:19
2021-04-03 10:13:22,6565134.0,6567329.0,2021-04-03 10:13:22
2021-04-03 10:13:25,6565001.0,6567308.0,2021-04-03 10:13:25
2021-04-03 10:13:28,6565016.0,6566767.0,2021-04-03 10:13:28
2021-04-03 10:13:31,6565211.0,6566957.0,2021-04-03 10:13:31
2021-04-03 10:13:34,6565224.0,6567373.0,2021-04-03 10:13:34
2021-04-03 10:13:37,6565224.0,6567612.0,2021-04-03 10:13:37
2021-04-03 10:13:40,6565229.0,6566841.0,2021-04-03 10:13:40
2021-04-03 10:13:43,6566251.0,6566841.0,2021-04-03 10:13:43
2021-04-03 10:13:46,6566256.0,6566836.0,2021-04-03 10:13:46
2021-04-03 10:13:49,6566256.0,6566836.0,2021-04-03 10:13:49
2021-04-03 10:13:52,6566261.0,6566831.0,2021-04-03 10:13:52
2021-04-03 10:13:56,6565224.0,6566184.0,2021-04-03 10:13:55
2021-04-03 10:13:59,6565068.0,6565618.0,2021-04-03 10:13:59
2021-04-03 10:14:02,6565068.0,6565618.0,2021-04-03 10:14:02
2021-04-03 10:14:05,6564625.0,6564822.0,2021-04-03 10:14:05
2021-04-03 10:14:08,6564625.0,6564822.0,2021-04-03 10:14:08
2021-04-03 10:14:11,6565655.0,6566249.0,2021-04-03 10:14:11
2021-04-03 10:14:14,6567282.0,6568000.0,2021-04-03 10:14:14
2021-04-03 10:14:17,6567311.0,6568749.0,2021-04-03 10:14:17
2021-04-03 10:14:20,6567465.0,6568749.0,2021-04-03 10:14:20
2021-04-03 10:14:23,6569553.0,6569920.0,2021-04-03 10:14:23
2021-04-03 10:14:26,6569554.0,6569883.0,2021-04-03 10:14:26
2021-04-03 10:14:29,6569554.0,6569920.0,2021-04-03 10:14:29
2021-04-03 10:14:32,6569554.0,6569883.0,2021-04-03 10:14:32
2021-04-03 10:14:35,6569554.0,6569920.0,2021-04-03 10:14:35
2021-04-03 10:14:38,6569554.0,6569920.0,2021-04-03 10:14:38
2021-04-03 10:14:41,6569555.0,6569920.0,2021-04-03 10:14:41
2021-04-03 10:14:44,6569556.0,6569920.0,2021-04-03 10:14:44
2021-04-03 10:14:47,6569950.0,6570553.0,2021-04-03 10:14:47
2021-04-03 10:14:51,6572002.0,6572160.0,2021-04-03 10:14:50
2021-04-03 10:14:54,6571177.0,6572160.0,2021-04-03 10:14:54
2021-04-03 10:14:57,6570489.0,6572499.0,2021-04-03 10:14:57
2021-04-03 10:15:00,6570273.0,6572499.0,2021-04-03 10:15:00
2021-04-03 10:15:03,6570282.0,6572499.0,2021-04-03 10:15:03
2021-04-03 10:15:06,6570275.0,6572093.0,2021-04-03 10:15:06
2021-04-03 10:15:09,6570046.0,6572091.0,2021-04-03 10:15:09
2021-04-03 10:15:12,6570047.0,6571160.0,2021-04-03 10:15:12
2021-04-03 10:15:15,6570001.0,6571160.0,2021-04-03 10:15:15
2021-04-03 10:15:18,6569350.0,6570862.0,2021-04-03 10:15:18
2021-04-03 10:15:22,6571161.0,6571607.0,2021-04-03 10:15:22
2021-04-03 10:15:26,6571161.0,6571249.0,2021-04-03 10:15:26
2021-04-03 10:15:29,6571162.0,6572493.0,2021-04-03 10:15:29
2021-04-03 10:15:32,6571162.0,6572498.0,2021-04-03 10:15:32
2021-04-03 10:15:35,6571375.0,6572499.0,2021-04-03 10:15:35
2021-04-03 10:15:38,6571250.0,6572499.0,2021-04-03 10:15:38
2021-04-03 10:15:41,6571250.0,6572499.0,2021-04-03 10:15:41
2021-04-03 10:15:44,6571162.0,6572499.0,2021-04-03 10:15:44
2021-04-03 10:15:47,6571250.0,6572499.0,2021-04-03 10:15:47
2021-04-03 10:15:50,6571250.0,6572499.0,2021-04-03 10:15:50
2021-04-03 10:15:53,6571250.0,6572499.0,2021-04-03 10:15:53
2021-04-03 10:15:56,6571250.0,6572499.0,2021-04-03 10:15:56
2021-04-03 10:15:59,6571040.0,6572192.0,2021-04-03 10:15:59
2021-04-03 10:16:02,6570001.0,6571594.0,2021-04-03 10:16:02
2021-04-03 10:16:05,6569770.0,6569849.0,2021-04-03 10:16:05
2021-04-03 10:16:09,6569350.0,6569798.0,2021-04-03 10:16:09
2021-04-03 10:16:12,6569858.0,6570165.0,2021-04-03 10:16:12
2021-04-03 10:16:15,6569350.0,6570066.0,2021-04-03 10:16:15
2021-04-03 10:16:18,6569350.0,6570066.0,2021-04-03 10:16:18
2021-04-03 10:16:21,6569350.0,6570066.0,2021-04-03 10:16:21
2021-04-03 10:16:24,6569350.0,6570066.0,2021-04-03 10:16:24
2021-04-03 10:16:27,6569350.0,6570066.0,2021-04-03 10:16:27
2021-04-03 10:16:30,6569422.0,6569672.0,2021-04-03 10:16:30
2021-04-03 10:16:33,6568000.0,6569640.0,2021-04-03 10:16:33
2021-04-03 10:16:36,6565440.0,6566330.0,2021-04-03 10:16:36
2021-04-03 10:16:40,6565440.0,6565881.0,2021-04-03 10:16:40
2021-04-03 10:16:43,6565450.0,6566329.0,2021-04-03 10:16:43
2021-04-03 10:16:46,6565927.0,6566329.0,2021-04-03 10:16:46
2021-04-03 10:16:49,6565882.0,6566329.0,2021-04-03 10:16:49
2021-04-03 10:16:52,6565882.0,6566956.0,2021-04-03 10:16:52
2021-04-03 10:16:55,6565002.0,6566081.0,2021-04-03 10:16:55
2021-04-03 10:16:58,6565003.0,6566078.0,2021-04-03 10:16:58
2021-04-03 10:17:01,6564666.0,6566290.0,2021-04-03 10:17:01
2021-04-03 10:17:04,6564667.0,6566265.0,2021-04-03 10:17:04
2021-04-03 10:17:07,6566716.0,6566950.0,2021-04-03 10:17:07
2021-04-03 10:17:10,6566960.0,6567499.0,2021-04-03 10:17:10
2021-04-03 10:17:13,6566951.0,6568000.0,2021-04-03 10:17:13
2021-04-03 10:17:16,6566802.0,6567880.0,2021-04-03 10:17:16
2021-04-03 10:17:20,6566498.0,6568000.0,2021-04-03 10:17:19
2021-04-03 10:17:23,6566528.0,6568411.0,2021-04-03 10:17:23
2021-04-03 10:17:26,6567954.0,6568000.0,2021-04-03 10:17:26
2021-04-03 10:17:29,6567964.0,6568000.0,2021-04-03 10:17:29
2021-04-03 10:17:33,6567964.0,6568749.0,2021-04-03 10:17:33
2021-04-03 10:17:36,6567964.0,6568749.0,2021-04-03 10:17:36
2021-04-03 10:17:39,6568001.0,6568749.0,2021-04-03 10:17:39
2021-04-03 10:17:42,6568001.0,6568749.0,2021-04-03 10:17:42
2021-04-03 10:17:45,6568012.0,6569665.0,2021-04-03 10:17:45
2021-04-03 10:17:48,6568028.0,6569920.0,2021-04-03 10:17:48
2021-04-03 10:17:51,6568390.0,6569920.0,2021-04-03 10:17:51
2021-04-03 10:17:54,6568039.0,6569995.0,2021-04-03 10:17:54
2021-04-03 10:17:57,6568039.0,6569995.0,2021-04-03 10:17:57
2021-04-03 10:18:00,6568244.0,6569995.0,2021-04-03 10:18:00
2021-04-03 10:18:03,6570000.0,6570876.0,2021-04-03 10:18:03
2021-04-03 10:18:07,6569382.0,6570899.0,2021-04-03 10:18:07
2021-04-03 10:18:10,6570001.0,6570900.0,2021-04-03 10:18:10
2021-04-03 10:18:13,6570001.0,6571000.0,2021-04-03 10:18:13
2021-04-03 10:18:16,6571001.0,6571040.0,2021-04-03 10:18:16
2021-04-03 10:18:19,6571001.0,6571040.0,2021-04-03 10:18:19
2021-04-03 10:18:23,6571151.0,6571249.0,2021-04-03 10:18:22
2021-04-03 10:18:26,6571259.0,6572160.0,2021-04-03 10:18:26
2021-04-03 10:18:29,6571042.0,6572160.0,2021-04-03 10:18:29
2021-04-03 10:18:32,6572231.0,6572499.0,2021-04-03 10:18:32
2021-04-03 10:18:35,6572231.0,6573114.0,2021-04-03 10:18:35
2021-04-03 10:18:38,6572692.0,6573280.0,2021-04-03 10:18:38
2021-04-03 10:18:41,6572231.0,6573280.0,2021-04-03 10:18:41
2021-04-03 10:18:44,6571618.0,6573280.0,2021-04-03 10:18:44
2021-04-03 10:18:47,6571618.0,6573280.0,2021-04-03 10:18:47
2021-04-03 10:18:50,6571768.0,6573112.0,2021-04-03 10:18:50
2021-04-03 10:18:53,6571618.0,6573113.0,2021-04-03 10:18:53
2021-04-03 10:18:56,6571618.0,6573113.0,2021-04-03 10:18:56
2021-04-03 10:18:59,6571618.0,6573280.0,2021-04-03 10:18:59
2021-04-03 10:19:02,6571618.0,6573279.0,2021-04-03 10:19:02
2021-04-03 10:19:05,6571508.0,6573278.0,2021-04-03 10:19:05
2021-04-03 10:19:08,6571686.0,6573278.0,2021-04-03 10:19:08
2021-04-03 10:19:11,6571579.0,6573263.0,2021-04-03 10:19:11
2021-04-03 10:19:14,6571579.0,6572469.0,2021-04-03 10:19:14
2021-04-03 10:19:17,6571619.0,6573646.0,2021-04-03 10:19:17
2021-04-03 10:19:20,6571618.0,6573646.0,2021-04-03 10:19:20
2021-04-03 10:19:24,6571618.0,6573481.0,2021-04-03 10:19:23
2021-04-03 10:19:27,6571702.0,6573694.0,2021-04-03 10:19:27
2021-04-03 10:19:30,6572158.0,6573694.0,2021-04-03 10:19:30
2021-04-03 10:19:33,6571922.0,6573694.0,2021-04-03 10:19:33
2021-04-03 10:19:36,6572024.0,6573694.0,2021-04-03 10:19:36
2021-04-03 10:19:39,6572008.0,6573694.0,2021-04-03 10:19:39
2021-04-03 10:19:42,6572038.0,6573749.0,2021-04-03 10:19:42
2021-04-03 10:19:45,6572038.0,6573749.0,2021-04-03 10:19:45
2021-04-03 10:19:48,6572152.0,6573749.0,2021-04-03 10:19:48
2021-04-03 10:19:51,6573695.0,6573749.0,2021-04-03 10:19:51
2021-04-03 10:19:54,6572888.0,6574000.0,2021-04-03 10:19:54
2021-04-03 10:19:57,6573750.0,6574000.0,2021-04-03 10:19:57
2021-04-03 10:20:00,6572501.0,6574179.0,2021-04-03 10:20:00
2021-04-03 10:20:03,6574001.0,6574180.0,2021-04-03 10:20:03
2021-04-03 10:20:06,6574002.0,6574180.0,2021-04-03 10:20:06
2021-04-03 10:20:09,6574002.0,6574180.0,2021-04-03 10:20:09
2021-04-03 10:20:12,6574002.0,6574180.0,2021-04-03 10:20:12
2021-04-03 10:20:15,6574042.0,6574400.0,2021-04-03 10:20:15
2021-04-03 10:20:18,6574002.0,6574400.0,2021-04-03 10:20:18
2021-04-03 10:20:21,6573206.0,6574265.0,2021-04-03 10:20:21
2021-04-03 10:20:24,6572857.0,6574001.0,2021-04-03 10:20:24
2021-04-03 10:20:28,6571456.0,6572666.0,2021-04-03 10:20:27
2021-04-03 10:20:31,6571251.0,6572259.0,2021-04-03 10:20:31
2021-04-03 10:20:34,6571351.0,6572244.0,2021-04-03 10:20:34
2021-04-03 10:20:37,6571349.0,6572229.0,2021-04-03 10:20:37
2021-04-03 10:20:40,6571251.0,6572387.0,2021-04-03 10:20:40
2021-04-03 10:20:43,6571253.0,6571731.0,2021-04-03 10:20:43
2021-04-03 10:20:46,6572400.0,6572639.0,2021-04-03 10:20:46
2021-04-03 10:20:49,6572410.0,6572499.0,2021-04-03 10:20:49
2021-04-03 10:20:52,6572444.0,6572666.0,2021-04-03 10:20:52
2021-04-03 10:20:55,6572390.0,6572666.0,2021-04-03 10:20:55
2021-04-03 10:20:59,6572444.0,6572926.0,2021-04-03 10:20:58
2021-04-03 10:21:02,6572390.0,6573160.0,2021-04-03 10:21:02
2021-04-03 10:21:05,6572395.0,6573734.0,2021-04-03 10:21:05
2021-04-03 10:21:08,6573705.0,6574466.0,2021-04-03 10:21:08
2021-04-03 10:21:11,6572771.0,6574984.0,2021-04-03 10:21:11
2021-04-03 10:21:14,6572759.0,6574984.0,2021-04-03 10:21:14
2021-04-03 10:21:17,6572760.0,6574861.0,2021-04-03 10:21:17
2021-04-03 10:21:20,6572396.0,6574861.0,2021-04-03 10:21:20
2021-04-03 10:21:23,6572390.0,6573565.0,2021-04-03 10:21:23
2021-04-03 10:21:26,6571351.0,6573212.0,2021-04-03 10:21:26
2021-04-03 10:21:30,6571351.0,6572389.0,2021-04-03 10:21:29
2021-04-03 10:21:33,6571351.0,6572389.0,2021-04-03 10:21:33
2021-04-03 10:21:36,6571251.0,6572255.0,2021-04-03 10:21:36
2021-04-03 10:21:39,6571251.0,6572278.0,2021-04-03 10:21:39
2021-04-03 10:21:42,6571078.0,6572257.0,2021-04-03 10:21:42
2021-04-03 10:21:45,6571078.0,6572241.0,2021-04-03 10:21:45
2021-04-03 10:21:48,6568800.0,6569720.0,2021-04-03 10:21:48
2021-04-03 10:21:52,6568800.0,6569255.0,2021-04-03 10:21:52
2021-04-03 10:21:55,6567501.0,6569253.0,2021-04-03 10:21:55
2021-04-03 10:21:58,6567545.0,6569103.0,2021-04-03 10:21:58
2021-04-03 10:22:01,6566630.0,6568634.0,2021-04-03 10:22:01
2021-04-03 10:22:05,6566631.0,6568619.0,2021-04-03 10:22:04
2021-04-03 10:22:08,6566664.0,6568749.0,2021-04-03 10:22:08
2021-04-03 10:22:11,6566840.0,6568734.0,2021-04-03 10:22:11
2021-04-03 10:22:14,6566628.0,6568326.0,2021-04-03 10:22:14
2021-04-03 10:22:17,6566560.0,6567959.0,2021-04-03 10:22:17
2021-04-03 10:22:20,6566560.0,6567944.0,2021-04-03 10:22:20
2021-04-03 10:22:23,6566560.0,6567944.0,2021-04-03 10:22:23
2021-04-03 10:22:26,6566560.0,6567567.0,2021-04-03 10:22:26
2021-04-03 10:22:29,6565001.0,6566201.0,2021-04-03 10:22:29
2021-04-03 10:22:32,6565121.0,6566200.0,2021-04-03 10:22:32
2021-04-03 10:22:35,6565001.0,6566065.0,2021-04-03 10:22:35
2021-04-03 10:22:38,6564320.0,6564973.0,2021-04-03 10:22:38
2021-04-03 10:22:41,6564608.0,6566200.0,2021-04-03 10:22:41
2021-04-03 10:22:44,6564976.0,6567315.0,2021-04-03 10:22:44
2021-04-03 10:22:47,6564969.0,6567312.0,2021-04-03 10:22:47
2021-04-03 10:22:50,6566368.0,6567417.0,2021-04-03 10:22:50
2021-04-03 10:22:53,6565136.0,6567290.0,2021-04-03 10:22:53
2021-04-03 10:22:56,6565006.0,6567535.0,2021-04-03 10:22:56
2021-04-03 10:22:59,6565007.0,6567259.0,2021-04-03 10:22:59
2021-04-03 10:23:02,6565015.0,6567499.0,2021-04-03 10:23:02
2021-04-03 10:23:05,6567100.0,6567495.0,2021-04-03 10:23:05
2021-04-03 10:23:09,6565028.0,6567099.0,2021-04-03 10:23:08
2021-04-03 10:23:12,6565226.0,6567075.0,2021-04-03 10:23:12
2021-04-03 10:23:15,6565242.0,6567499.0,2021-04-03 10:23:15
2021-04-03 10:23:18,6565422.0,6567099.0,2021-04-03 10:23:18
2021-04-03 10:23:21,6568513.0,6569154.0,2021-04-03 10:23:21
2021-04-03 10:23:24,6568513.0,6568965.0,2021-04-03 10:23:24
2021-04-03 10:23:27,6567069.0,6568488.0,2021-04-03 10:23:27
2021-04-03 10:23:30,6566886.0,6568198.0,2021-04-03 10:23:30
2021-04-03 10:23:33,6566886.0,6568205.0,2021-04-03 10:23:33
2021-04-03 10:23:36,6566886.0,6568511.0,2021-04-03 10:23:36
2021-04-03 10:23:39,6566896.0,6568679.0,2021-04-03 10:23:39
2021-04-03 10:23:42,6566897.0,6568749.0,2021-04-03 10:23:42
2021-04-03 10:23:45,6566912.0,6568701.0,2021-04-03 10:23:45
2021-04-03 10:23:48,6566897.0,6569307.0,2021-04-03 10:23:48
2021-04-03 10:23:51,6567501.0,6568299.0,2021-04-03 10:23:51
2021-04-03 10:23:54,6567501.0,6568349.0,2021-04-03 10:23:54
2021-04-03 10:23:57,6566415.0,6566876.0,2021-04-03 10:23:57
2021-04-03 10:24:00,6566415.0,6567829.0,2021-04-03 10:24:00
2021-04-03 10:24:03,6566415.0,6568640.0,2021-04-03 10:24:03
2021-04-03 10:24:06,6566659.0,6568749.0,2021-04-03 10:24:06
2021-04-03 10:24:10,6566872.0,6568749.0,2021-04-03 10:24:09
2021-04-03 10:24:13,6567060.0,6568749.0,2021-04-03 10:24:13
2021-04-03 10:24:16,6567453.0,6568749.0,2021-04-03 10:24:16
2021-04-03 10:24:19,6567452.0,6568619.0,2021-04-03 10:24:19
2021-04-03 10:24:22,6567452.0,6568749.0,2021-04-03 10:24:22
2021-04-03 10:24:25,6567462.0,6568620.0,2021-04-03 10:24:25
2021-04-03 10:24:28,6567467.0,6568749.0,2021-04-03 10:24:28
2021-04-03 10:24:31,6567432.0,6567457.0,2021-04-03 10:24:31
2021-04-03 10:24:34,6567432.0,6567457.0,2021-04-03 10:24:34
2021-04-03 10:24:37,6566251.0,6567394.0,2021-04-03 10:24:37
2021-04-03 10:24:40,6566251.0,6567394.0,2021-04-03 10:24:40
2021-04-03 10:24:43,6566251.0,6567394.0,2021-04-03 10:24:43
2021-04-03 10:24:46,6566251.0,6567394.0,2021-04-03 10:24:46
2021-04-03 10:24:49,6566932.0,6567394.0,2021-04-03 10:24:49
2021-04-03 10:24:52,6567103.0,6567394.0,2021-04-03 10:24:52
2021-04-03 10:24:55,6567133.0,6567394.0,2021-04-03 10:24:55
2021-04-03 10:24:58,6566251.0,6567279.0,2021-04-03 10:24:58
2021-04-03 10:25:01,6566251.0,6567394.0,2021-04-03 10:25:01
2021-04-03 10:25:04,6566822.0,6569155.0,2021-04-03 10:25:04
2021-04-03 10:25:07,6566822.0,6569155.0,2021-04-03 10:25:07
2021-04-03 10:25:11,6567501.0,6568871.0,2021-04-03 10:25:10
2021-04-03 10:25:14,6567501.0,6568856.0,2021-04-03 10:25:14
2021-04-03 10:25:17,6566635.0,6568846.0,2021-04-03 10:25:17
2021-04-03 10:25:20,6566631.0,6568788.0,2021-04-03 10:25:20
2021-04-03 10:25:23,6566657.0,6568749.0,2021-04-03 10:25:23
2021-04-03 10:25:26,6566828.0,6568749.0,2021-04-03 10:25:26
2021-04-03 10:25:29,6566658.0,6568589.0,2021-04-03 10:25:29
2021-04-03 10:25:32,6566658.0,6569293.0,2021-04-03 10:25:32
2021-04-03 10:25:35,6566658.0,6569278.0,2021-04-03 10:25:35
2021-04-03 10:25:38,6567501.0,6569255.0,2021-04-03 10:25:38
2021-04-03 10:25:41,6567501.0,6569249.0,2021-04-03 10:25:41
2021-04-03 10:25:44,6567501.0,6569249.0,2021-04-03 10:25:44
2021-04-03 10:25:47,6567501.0,6569249.0,2021-04-03 10:25:47
2021-04-03 10:25:50,6567501.0,6568818.0,2021-04-03 10:25:50
2021-04-03 10:25:53,6567501.0,6567673.0,2021-04-03 10:25:53
2021-04-03 10:25:56,6566006.0,6567328.0,2021-04-03 10:25:56
2021-04-03 10:25:59,6566075.0,6566694.0,2021-04-03 10:25:59
2021-04-03 10:26:02,6565289.0,6566649.0,2021-04-03 10:26:02
2021-04-03 10:26:05,6565289.0,6567081.0,2021-04-03 10:26:05
2021-04-03 10:26:09,6565289.0,6567081.0,2021-04-03 10:26:08
2021-04-03 10:26:12,6565800.0,6567096.0,2021-04-03 10:26:12
2021-04-03 10:26:15,6565945.0,6567342.0,2021-04-03 10:26:15
2021-04-03 10:26:18,6566591.0,6567342.0,2021-04-03 10:26:18
2021-04-03 10:26:21,6566601.0,6567267.0,2021-04-03 10:26:21
2021-04-03 10:26:24,6566315.0,6567342.0,2021-04-03 10:26:24
2021-04-03 10:26:27,6566840.0,6567431.0,2021-04-03 10:26:27
2021-04-03 10:26:30,6566842.0,6568613.0,2021-04-03 10:26:30
2021-04-03 10:26:33,6567023.0,6568653.0,2021-04-03 10:26:33
2021-04-03 10:26:37,6566889.0,6568749.0,2021-04-03 10:26:36
2021-04-03 10:26:40,6567090.0,6568749.0,2021-04-03 10:26:40
2021-04-03 10:26:43,6566904.0,6568749.0,2021-04-03 10:26:43
2021-04-03 10:26:46,6567338.0,6568749.0,2021-04-03 10:26:46
2021-04-03 10:26:49,6567343.0,6568576.0,2021-04-03 10:26:49
2021-04-03 10:26:52,6567354.0,6568609.0,2021-04-03 10:26:52
2021-04-03 10:26:55,6567354.0,6568749.0,2021-04-03 10:26:55
2021-04-03 10:26:58,6567485.0,6568749.0,2021-04-03 10:26:58
2021-04-03 10:27:01,6567495.0,6568623.0,2021-04-03 10:27:01
2021-04-03 10:27:04,6568813.0,6569999.0,2021-04-03 10:27:04
2021-04-03 10:27:07,6568809.0,6569999.0,2021-04-03 10:27:07
2021-04-03 10:27:10,6568809.0,6569999.0,2021-04-03 10:27:10
2021-04-03 10:27:13,6568809.0,6569999.0,2021-04-03 10:27:13
2021-04-03 10:27:16,6568588.0,6570691.0,2021-04-03 10:27:16
2021-04-03 10:27:19,6568663.0,6570812.0,2021-04-03 10:27:19
2021-04-03 10:27:22,6568855.0,6570936.0,2021-04-03 10:27:22
2021-04-03 10:27:25,6568870.0,6570936.0,2021-04-03 10:27:25
2021-04-03 10:27:28,6568893.0,6570936.0,2021-04-03 10:27:28
2021-04-03 10:27:31,6568751.0,6570936.0,2021-04-03 10:27:31
2021-04-03 10:27:34,6568766.0,6570587.0,2021-04-03 10:27:34
2021-04-03 10:27:38,6568817.0,6570553.0,2021-04-03 10:27:38
2021-04-03 10:27:41,6568817.0,6570337.0,2021-04-03 10:27:41
2021-04-03 10:27:44,6568817.0,6570184.0,2021-04-03 10:27:44
2021-04-03 10:27:47,6568751.0,6569501.0,2021-04-03 10:27:47
2021-04-03 10:27:50,6568785.0,6569087.0,2021-04-03 10:27:50
2021-04-03 10:27:53,6568751.0,6569087.0,2021-04-03 10:27:53
2021-04-03 10:27:56,6568784.0,6569077.0,2021-04-03 10:27:56
2021-04-03 10:27:59,6567501.0,6568597.0,2021-04-03 10:27:59
2021-04-03 10:28:02,6565448.0,6566102.0,2021-04-03 10:28:02
2021-04-03 10:28:06,6565440.0,6565782.0,2021-04-03 10:28:06
2021-04-03 10:28:09,6565440.0,6565782.0,2021-04-03 10:28:09
2021-04-03 10:28:12,6565440.0,6566175.0,2021-04-03 10:28:12
2021-04-03 10:28:15,6565440.0,6565801.0,2021-04-03 10:28:15
2021-04-03 10:28:18,6565440.0,6565620.0,2021-04-03 10:28:18
2021-04-03 10:28:21,6565440.0,6565620.0,2021-04-03 10:28:21
2021-04-03 10:28:24,6564320.0,6564467.0,2021-04-03 10:28:24
2021-04-03 10:28:27,6564320.0,6564467.0,2021-04-03 10:28:27
2021-04-03 10:28:30,6563751.0,6564030.0,2021-04-03 10:28:30
2021-04-03 10:28:33,6561759.0,6561844.0,2021-04-03 10:28:33
2021-04-03 10:28:36,6561343.0,6561510.0,2021-04-03 10:28:36
2021-04-03 10:28:39,6561251.0,6561509.0,2021-04-03 10:28:39
2021-04-03 10:28:42,6561251.0,6561509.0,2021-04-03 10:28:42
2021-04-03 10:28:45,6561251.0,6561400.0,2021-04-03 10:28:45
2021-04-03 10:28:49,6560960.0,6561055.0,2021-04-03 10:28:49
2021-04-03 10:28:52,6560960.0,6561054.0,2021-04-03 10:28:52
2021-04-03 10:28:55,6559001.0,6560625.0,2021-04-03 10:28:55
2021-04-03 10:28:58,6559007.0,6561065.0,2021-04-03 10:28:58
2021-04-03 10:29:01,6562338.0,6562380.0,2021-04-03 10:29:01
2021-04-03 10:29:04,6562338.0,6562499.0,2021-04-03 10:29:04
2021-04-03 10:29:07,6562355.0,6562499.0,2021-04-03 10:29:07
2021-04-03 10:29:10,6560930.0,6562338.0,2021-04-03 10:29:10
2021-04-03 10:29:13,6560531.0,6562338.0,2021-04-03 10:29:13
2021-04-03 10:29:17,6560259.0,6561851.0,2021-04-03 10:29:16
2021-04-03 10:29:20,6560210.0,6561775.0,2021-04-03 10:29:20
2021-04-03 10:29:23,6559119.0,6561169.0,2021-04-03 10:29:23
2021-04-03 10:29:26,6559370.0,6561536.0,2021-04-03 10:29:26
2021-04-03 10:29:29,6559998.0,6561661.0,2021-04-03 10:29:29
2021-04-03 10:29:32,6559998.0,6561661.0,2021-04-03 10:29:32
2021-04-03 10:29:35,6559999.0,6561249.0,2021-04-03 10:29:35
2021-04-03 10:29:38,6560125.0,6561249.0,2021-04-03 10:29:38
2021-04-03 10:29:41,6559277.0,6559812.0,2021-04-03 10:29:41
2021-04-03 10:29:44,6559277.0,6559758.0,2021-04-03 10:29:44
2021-04-03 10:29:47,6559277.0,6559812.0,2021-04-03 10:29:47
2021-04-03 10:29:50,6559131.0,6561116.0,2021-04-03 10:29:50
2021-04-03 10:29:53,6559131.0,6561115.0,2021-04-03 10:29:53
2021-04-03 10:29:56,6559732.0,6561249.0,2021-04-03 10:29:56
2021-04-03 10:29:59,6559742.0,6561249.0,2021-04-03 10:29:59
2021-04-03 10:30:02,6559565.0,6559690.0,2021-04-03 10:30:02
2021-04-03 10:30:05,6559025.0,6560406.0,2021-04-03 10:30:05
2021-04-03 10:30:08,6559177.0,6560405.0,2021-04-03 10:30:08
2021-04-03 10:30:11,6559025.0,6560405.0,2021-04-03 10:30:11
2021-04-03 10:30:14,6559000.0,6560405.0,2021-04-03 10:30:14
2021-04-03 10:30:18,6559000.0,6560166.0,2021-04-03 10:30:17
2021-04-03 10:30:21,6559000.0,6559738.0,2021-04-03 10:30:21
2021-04-03 10:30:24,6559000.0,6560633.0,2021-04-03 10:30:24
2021-04-03 10:30:27,6559000.0,6560633.0,2021-04-03 10:30:27
2021-04-03 10:30:30,6559149.0,6560773.0,2021-04-03 10:30:30
2021-04-03 10:30:33,6559625.0,6560714.0,2021-04-03 10:30:33
2021-04-03 10:30:36,6559764.0,6560714.0,2021-04-03 10:30:36
2021-04-03 10:30:39,6559774.0,6560484.0,2021-04-03 10:30:39
2021-04-03 10:30:42,6558751.0,6560298.0,2021-04-03 10:30:42
2021-04-03 10:30:45,6558970.0,6560288.0,2021-04-03 10:30:45
2021-04-03 10:30:48,6558970.0,6559519.0,2021-04-03 10:30:48
2021-04-03 10:30:52,6558970.0,6559262.0,2021-04-03 10:30:52
2021-04-03 10:30:55,6559630.0,6560484.0,2021-04-03 10:30:55
2021-04-03 10:30:58,6560487.0,6561654.0,2021-04-03 10:30:58
2021-04-03 10:31:01,6560504.0,6561869.0,2021-04-03 10:31:01
2021-04-03 10:31:04,6560016.0,6562048.0,2021-04-03 10:31:04
2021-04-03 10:31:07,6560001.0,6561656.0,2021-04-03 10:31:07
2021-04-03 10:31:10,6559817.0,6560829.0,2021-04-03 10:31:10
2021-04-03 10:31:13,6559680.0,6561215.0,2021-04-03 10:31:13
2021-04-03 10:31:16,6559007.0,6560125.0,2021-04-03 10:31:16
2021-04-03 10:31:19,6559007.0,6560125.0,2021-04-03 10:31:19
2021-04-03 10:31:22,6560807.0,6562489.0,2021-04-03 10:31:22
2021-04-03 10:31:26,6560627.0,6562499.0,2021-04-03 10:31:26
2021-04-03 10:31:29,6561476.0,6562558.0,2021-04-03 10:31:29
2021-04-03 10:31:32,6561476.0,6562557.0,2021-04-03 10:31:32
2021-04-03 10:31:35,6561476.0,6562069.0,2021-04-03 10:31:35
2021-04-03 10:31:38,6562080.0,6562129.0,2021-04-03 10:31:38
2021-04-03 10:31:41,6562081.0,6562129.0,2021-04-03 10:31:41
2021-04-03 10:31:44,6562080.0,6562129.0,2021-04-03 10:31:44
2021-04-03 10:31:47,6562080.0,6562129.0,2021-04-03 10:31:47
2021-04-03 10:31:50,6562080.0,6562124.0,2021-04-03 10:31:50
2021-04-03 10:31:53,6562427.0,6563200.0,2021-04-03 10:31:53
2021-04-03 10:31:56,6561465.0,6563200.0,2021-04-03 10:31:56
2021-04-03 10:31:59,6561474.0,6563200.0,2021-04-03 10:31:59
2021-04-03 10:32:02,6562077.0,6563200.0,2021-04-03 10:32:02
2021-04-03 10:32:05,6563740.0,6563922.0,2021-04-03 10:32:05
2021-04-03 10:32:09,6562501.0,6563922.0,2021-04-03 10:32:08
2021-04-03 10:32:12,6562501.0,6563922.0,2021-04-03 10:32:12
2021-04-03 10:32:15,6562628.0,6563922.0,2021-04-03 10:32:15
2021-04-03 10:32:18,6562501.0,6563274.0,2021-04-03 10:32:18
2021-04-03 10:32:21,6562502.0,6562927.0,2021-04-03 10:32:21
2021-04-03 10:32:24,6562502.0,6562927.0,2021-04-03 10:32:24
2021-04-03 10:32:27,6562205.0,6562486.0,2021-04-03 10:32:27
2021-04-03 10:32:30,6561614.0,6562525.0,2021-04-03 10:32:30
2021-04-03 10:32:33,6561615.0,6562627.0,2021-04-03 10:32:33
2021-04-03 10:32:36,6561615.0,6562627.0,2021-04-03 10:32:36
2021-04-03 10:32:39,6561615.0,6562627.0,2021-04-03 10:32:39
2021-04-03 10:32:42,6561615.0,6561868.0,2021-04-03 10:32:42
2021-04-03 10:32:45,6561615.0,6563327.0,2021-04-03 10:32:45
2021-04-03 10:32:48,6561615.0,6562095.0,2021-04-03 10:32:48
2021-04-03 10:32:51,6561615.0,6562095.0,2021-04-03 10:32:51
2021-04-03 10:32:54,6561625.0,6561835.0,2021-04-03 10:32:54
2021-04-03 10:32:57,6561211.0,6562149.0,2021-04-03 10:32:57
2021-04-03 10:33:00,6562150.0,6562494.0,2021-04-03 10:33:00
2021-04-03 10:33:03,6562150.0,6562494.0,2021-04-03 10:33:03
2021-04-03 10:33:06,6562150.0,6562494.0,2021-04-03 10:33:06
2021-04-03 10:33:10,6562150.0,6562487.0,2021-04-03 10:33:10
2021-04-03 10:33:13,6562150.0,6562319.0,2021-04-03 10:33:13
2021-04-03 10:33:16,6560645.0,6562319.0,2021-04-03 10:33:16
2021-04-03 10:33:19,6560661.0,6562319.0,2021-04-03 10:33:19
2021-04-03 10:33:22,6560676.0,6561407.0,2021-04-03 10:33:22
2021-04-03 10:33:25,6560676.0,6561005.0,2021-04-03 10:33:25
2021-04-03 10:33:28,6560655.0,6561005.0,2021-04-03 10:33:28
2021-04-03 10:33:31,6560655.0,6561005.0,2021-04-03 10:33:31
2021-04-03 10:33:34,6560655.0,6561713.0,2021-04-03 10:33:34
2021-04-03 10:33:37,6560528.0,6561698.0,2021-04-03 10:33:37
2021-04-03 10:33:40,6559520.0,6559868.0,2021-04-03 10:33:40
2021-04-03 10:33:44,6559943.0,6560212.0,2021-04-03 10:33:44
2021-04-03 10:33:47,6559501.0,6560139.0,2021-04-03 10:33:47
2021-04-03 10:33:50,6559500.0,6560052.0,2021-04-03 10:33:50
2021-04-03 10:33:53,6559500.0,6559948.0,2021-04-03 10:33:53
2021-04-03 10:33:56,6559500.0,6559944.0,2021-04-03 10:33:56
2021-04-03 10:33:59,6559501.0,6560497.0,2021-04-03 10:33:59
2021-04-03 10:34:02,6559501.0,6560497.0,2021-04-03 10:34:02
2021-04-03 10:34:05,6559597.0,6560457.0,2021-04-03 10:34:05
2021-04-03 10:34:08,6559501.0,6560456.0,2021-04-03 10:34:08
2021-04-03 10:34:11,6559500.0,6560456.0,2021-04-03 10:34:11
2021-04-03 10:34:14,6559515.0,6559932.0,2021-04-03 10:34:14
2021-04-03 10:34:18,6560053.0,6560199.0,2021-04-03 10:34:17
2021-04-03 10:34:21,6560053.0,6561164.0,2021-04-03 10:34:21
2021-04-03 10:34:24,6560053.0,6561203.0,2021-04-03 10:34:24
2021-04-03 10:34:27,6560053.0,6561249.0,2021-04-03 10:34:27
2021-04-03 10:34:30,6559506.0,6560666.0,2021-04-03 10:34:30
2021-04-03 10:34:33,6560670.0,6561054.0,2021-04-03 10:34:33
2021-04-03 10:34:36,6560670.0,6561249.0,2021-04-03 10:34:36
2021-04-03 10:34:39,6559507.0,6560192.0,2021-04-03 10:34:39
2021-04-03 10:34:42,6559505.0,6560555.0,2021-04-03 10:34:42
2021-04-03 10:34:45,6559884.0,6560836.0,2021-04-03 10:34:45
2021-04-03 10:34:48,6559502.0,6560886.0,2021-04-03 10:34:48
2021-04-03 10:34:51,6559501.0,6560764.0,2021-04-03 10:34:51
2021-04-03 10:34:54,6559503.0,6560764.0,2021-04-03 10:34:54
2021-04-03 10:34:57,6559502.0,6560749.0,2021-04-03 10:34:57
2021-04-03 10:35:00,6559504.0,6560813.0,2021-04-03 10:35:00
2021-04-03 10:35:03,6559504.0,6560293.0,2021-04-03 10:35:03
2021-04-03 10:35:06,6559501.0,6560293.0,2021-04-03 10:35:06
2021-04-03 10:35:09,6560875.0,6561200.0,2021-04-03 10:35:09
2021-04-03 10:35:12,6559502.0,6560170.0,2021-04-03 10:35:12
2021-04-03 10:35:16,6559502.0,6560170.0,2021-04-03 10:35:16
2021-04-03 10:35:19,6559501.0,6559802.0,2021-04-03 10:35:19
2021-04-03 10:35:22,6559533.0,6559802.0,2021-04-03 10:35:22
2021-04-03 10:35:25,6559534.0,6559775.0,2021-04-03 10:35:25
2021-04-03 10:35:28,6559501.0,6559802.0,2021-04-03 10:35:28
2021-04-03 10:35:31,6559501.0,6560313.0,2021-04-03 10:35:31
2021-04-03 10:35:34,6559502.0,6560313.0,2021-04-03 10:35:34
2021-04-03 10:35:37,6559501.0,6560627.0,2021-04-03 10:35:37
2021-04-03 10:35:40,6559502.0,6560074.0,2021-04-03 10:35:40
2021-04-03 10:35:43,6559501.0,6560074.0,2021-04-03 10:35:43
2021-04-03 10:35:46,6559501.0,6560074.0,2021-04-03 10:35:46
2021-04-03 10:35:49,6559500.0,6560075.0,2021-04-03 10:35:49
2021-04-03 10:35:52,6559501.0,6560075.0,2021-04-03 10:35:52
2021-04-03 10:35:55,6559237.0,6560983.0,2021-04-03 10:35:55
2021-04-03 10:35:58,6559252.0,6560973.0,2021-04-03 10:35:58
2021-04-03 10:36:01,6559282.0,6560726.0,2021-04-03 10:36:01
2021-04-03 10:36:04,6559114.0,6559968.0,2021-04-03 10:36:04
2021-04-03 10:36:08,6558995.0,6559679.0,2021-04-03 10:36:08
2021-04-03 10:36:11,6558970.0,6559917.0,2021-04-03 10:36:11
2021-04-03 10:36:14,6559004.0,6559304.0,2021-04-03 10:36:14
2021-04-03 10:36:17,6558970.0,6559304.0,2021-04-03 10:36:17
2021-04-03 10:36:20,6558970.0,6559304.0,2021-04-03 10:36:20
2021-04-03 10:36:23,6558970.0,6559304.0,2021-04-03 10:36:23
2021-04-03 10:36:26,6558310.0,6559439.0,2021-04-03 10:36:26
2021-04-03 10:36:29,6558326.0,6558874.0,2021-04-03 10:36:29
2021-04-03 10:36:32,6558329.0,6558874.0,2021-04-03 10:36:32
2021-04-03 10:36:35,6558335.0,6558874.0,2021-04-03 10:36:35
2021-04-03 10:36:38,6558338.0,6558874.0,2021-04-03 10:36:38
2021-04-03 10:36:41,6557625.0,6557916.0,2021-04-03 10:36:41
2021-04-03 10:36:45,6557625.0,6557916.0,2021-04-03 10:36:44
2021-04-03 10:36:48,6557410.0,6557451.0,2021-04-03 10:36:48
2021-04-03 10:36:51,6556908.0,6557153.0,2021-04-03 10:36:51
2021-04-03 10:36:54,6556388.0,6558749.0,2021-04-03 10:36:54
2021-04-03 10:36:57,6556254.0,6558061.0,2021-04-03 10:36:57
2021-04-03 10:37:00,6556258.0,6558046.0,2021-04-03 10:37:00
2021-04-03 10:37:03,6556349.0,6557288.0,2021-04-03 10:37:03
2021-04-03 10:37:06,6556202.0,6556469.0,2021-04-03 10:37:06
2021-04-03 10:37:09,6555676.0,6556057.0,2021-04-03 10:37:09
2021-04-03 10:37:12,6555367.0,6556058.0,2021-04-03 10:37:12
2021-04-03 10:37:15,6555495.0,6556469.0,2021-04-03 10:37:15
2021-04-03 10:37:18,6556060.0,6556153.0,2021-04-03 10:37:18
2021-04-03 10:37:21,6556060.0,6556153.0,2021-04-03 10:37:21
2021-04-03 10:37:24,6556060.0,6556153.0,2021-04-03 10:37:24
2021-04-03 10:37:27,6555509.0,6556153.0,2021-04-03 10:37:27
2021-04-03 10:37:30,6556665.0,6558402.0,2021-04-03 10:37:30
2021-04-03 10:37:33,6556678.0,6558402.0,2021-04-03 10:37:33
2021-04-03 10:37:36,6556688.0,6558739.0,2021-04-03 10:37:36
2021-04-03 10:37:39,6556877.0,6558722.0,2021-04-03 10:37:39
2021-04-03 10:37:42,6557007.0,6558712.0,2021-04-03 10:37:42
2021-04-03 10:37:45,6557509.0,6558712.0,2021-04-03 10:37:45
2021-04-03 10:37:48,6557067.0,6558520.0,2021-04-03 10:37:48
2021-04-03 10:37:52,6557076.0,6558702.0,2021-04-03 10:37:51
2021-04-03 10:37:55,6557076.0,6558692.0,2021-04-03 10:37:55
2021-04-03 10:37:58,6556985.0,6558689.0,2021-04-03 10:37:58
2021-04-03 10:38:01,6556887.0,6558664.0,2021-04-03 10:38:01
2021-04-03 10:38:04,6556548.0,6558664.0,2021-04-03 10:38:04
2021-04-03 10:38:07,6556585.0,6558456.0,2021-04-03 10:38:07
2021-04-03 10:38:10,6556642.0,6557508.0,2021-04-03 10:38:10
2021-04-03 10:38:13,6556311.0,6556945.0,2021-04-03 10:38:13
2021-04-03 10:38:16,6556251.0,6557233.0,2021-04-03 10:38:16
2021-04-03 10:38:19,6556251.0,6557488.0,2021-04-03 10:38:19
2021-04-03 10:38:22,6556251.0,6558245.0,2021-04-03 10:38:22
2021-04-03 10:38:25,6556380.0,6557506.0,2021-04-03 10:38:25
2021-04-03 10:38:28,6556251.0,6557253.0,2021-04-03 10:38:28
2021-04-03 10:38:31,6556251.0,6557350.0,2021-04-03 10:38:31
2021-04-03 10:38:34,6555436.0,6557348.0,2021-04-03 10:38:34
2021-04-03 10:38:37,6555545.0,6557208.0,2021-04-03 10:38:37
2021-04-03 10:38:40,6555360.0,6557336.0,2021-04-03 10:38:40
2021-04-03 10:38:43,6555460.0,6556353.0,2021-04-03 10:38:43
2021-04-03 10:38:47,6555360.0,6556367.0,2021-04-03 10:38:46
2021-04-03 10:38:50,6554867.0,6555312.0,2021-04-03 10:38:50
2021-04-03 10:38:53,6554243.0,6555312.0,2021-04-03 10:38:53
2021-04-03 10:38:56,6554240.0,6554775.0,2021-04-03 10:38:56
2021-04-03 10:38:59,6554240.0,6555312.0,2021-04-03 10:38:59
2021-04-03 10:39:02,6554240.0,6554714.0,2021-04-03 10:39:02
2021-04-03 10:39:05,6554240.0,6554753.0,2021-04-03 10:39:05
2021-04-03 10:39:08,6554240.0,6554477.0,2021-04-03 10:39:08
2021-04-03 10:39:11,6552003.0,6552492.0,2021-04-03 10:39:11
2021-04-03 10:39:14,6552051.0,6552492.0,2021-04-03 10:39:14
2021-04-03 10:39:17,6552000.0,6553516.0,2021-04-03 10:39:17
2021-04-03 10:39:20,6552000.0,6553456.0,2021-04-03 10:39:20
2021-04-03 10:39:23,6552000.0,6553456.0,2021-04-03 10:39:23
2021-04-03 10:39:26,6552086.0,6554277.0,2021-04-03 10:39:26
2021-04-03 10:39:30,6552448.0,6553941.0,2021-04-03 10:39:29
2021-04-03 10:39:33,6552781.0,6553970.0,2021-04-03 10:39:33
2021-04-03 10:39:36,6551741.0,6552916.0,2021-04-03 10:39:36
2021-04-03 10:39:39,6551742.0,6552916.0,2021-04-03 10:39:39
2021-04-03 10:39:42,6551742.0,6552461.0,2021-04-03 10:39:42
2021-04-03 10:39:45,6551742.0,6552788.0,2021-04-03 10:39:45
2021-04-03 10:39:48,6551251.0,6552292.0,2021-04-03 10:39:48
2021-04-03 10:39:51,6551251.0,6551719.0,2021-04-03 10:39:51
2021-04-03 10:39:54,6551251.0,6551719.0,2021-04-03 10:39:54
2021-04-03 10:39:57,6550880.0,6551847.0,2021-04-03 10:39:57
2021-04-03 10:40:00,6550747.0,6550766.0,2021-04-03 10:40:00
2021-04-03 10:40:03,6548751.0,6549505.0,2021-04-03 10:40:03
2021-04-03 10:40:06,6548751.0,6549485.0,2021-04-03 10:40:06
2021-04-03 10:40:09,6548751.0,6549593.0,2021-04-03 10:40:09
2021-04-03 10:40:12,6548751.0,6549521.0,2021-04-03 10:40:12
2021-04-03 10:40:16,6548839.0,6549981.0,2021-04-03 10:40:15
2021-04-03 10:40:19,6548863.0,6549864.0,2021-04-03 10:40:19
2021-04-03 10:40:22,6548751.0,6549863.0,2021-04-03 10:40:22
2021-04-03 10:40:25,6548751.0,6549245.0,2021-04-03 10:40:25
2021-04-03 10:40:28,6548751.0,6550084.0,2021-04-03 10:40:28
2021-04-03 10:40:31,6547520.0,6548604.0,2021-04-03 10:40:31
2021-04-03 10:40:34,6547520.0,6548589.0,2021-04-03 10:40:34
2021-04-03 10:40:37,6547520.0,6548638.0,2021-04-03 10:40:37
2021-04-03 10:40:40,6547000.0,6547470.0,2021-04-03 10:40:40
2021-04-03 10:40:43,6546370.0,6547944.0,2021-04-03 10:40:43
2021-04-03 10:40:46,6546370.0,6547808.0,2021-04-03 10:40:46
2021-04-03 10:40:49,6546370.0,6547832.0,2021-04-03 10:40:49
2021-04-03 10:40:52,6546374.0,6548247.0,2021-04-03 10:40:52
2021-04-03 10:40:55,6546370.0,6547995.0,2021-04-03 10:40:55
2021-04-03 10:40:58,6546380.0,6547746.0,2021-04-03 10:40:58
2021-04-03 10:41:01,6546380.0,6547746.0,2021-04-03 10:41:01
2021-04-03 10:41:04,6546390.0,6547747.0,2021-04-03 10:41:04
2021-04-03 10:41:07,6546390.0,6547746.0,2021-04-03 10:41:07
2021-04-03 10:41:10,6546371.0,6547994.0,2021-04-03 10:41:10
2021-04-03 10:41:14,6546371.0,6547994.0,2021-04-03 10:41:13
2021-04-03 10:41:17,6546371.0,6547608.0,2021-04-03 10:41:17
2021-04-03 10:41:20,6547700.0,6547746.0,2021-04-03 10:41:20
2021-04-03 10:41:23,6546371.0,6547753.0,2021-04-03 10:41:23
2021-04-03 10:41:26,6546632.0,6547627.0,2021-04-03 10:41:26
2021-04-03 10:41:29,6546371.0,6547733.0,2021-04-03 10:41:29
2021-04-03 10:41:32,6546371.0,6548176.0,2021-04-03 10:41:32
2021-04-03 10:41:35,6546558.0,6548240.0,2021-04-03 10:41:35
2021-04-03 10:41:39,6546371.0,6548241.0,2021-04-03 10:41:38
2021-04-03 10:41:42,6546371.0,6548053.0,2021-04-03 10:41:42
2021-04-03 10:41:45,6546401.0,6548532.0,2021-04-03 10:41:45
2021-04-03 10:41:48,6546421.0,6547717.0,2021-04-03 10:41:48
2021-04-03 10:41:51,6546377.0,6547951.0,2021-04-03 10:41:51
2021-04-03 10:41:54,6546370.0,6547720.0,2021-04-03 10:41:54
2021-04-03 10:41:57,6547720.0,6548137.0,2021-04-03 10:41:57
2021-04-03 10:42:00,6547721.0,6548329.0,2021-04-03 10:42:00
2021-04-03 10:42:03,6547720.0,6548208.0,2021-04-03 10:42:03
2021-04-03 10:42:06,6547721.0,6547800.0,2021-04-03 10:42:06
2021-04-03 10:42:09,6547769.0,6548198.0,2021-04-03 10:42:09
2021-04-03 10:42:12,6547722.0,6548207.0,2021-04-03 10:42:12
2021-04-03 10:42:15,6547722.0,6548207.0,2021-04-03 10:42:15
2021-04-03 10:42:18,6547722.0,6548197.0,2021-04-03 10:42:18
2021-04-03 10:42:21,6547722.0,6548197.0,2021-04-03 10:42:21
2021-04-03 10:42:24,6547720.0,6548109.0,2021-04-03 10:42:24
2021-04-03 10:42:27,6546391.0,6547940.0,2021-04-03 10:42:27
2021-04-03 10:42:30,6546391.0,6547940.0,2021-04-03 10:42:30
2021-04-03 10:42:33,6546376.0,6547730.0,2021-04-03 10:42:33
2021-04-03 10:42:37,6546376.0,6547728.0,2021-04-03 10:42:36
2021-04-03 10:42:40,6546376.0,6547586.0,2021-04-03 10:42:40
2021-04-03 10:42:43,6546376.0,6546915.0,2021-04-03 10:42:43
2021-04-03 10:42:46,6546376.0,6547134.0,2021-04-03 10:42:46
2021-04-03 10:42:49,6546376.0,6547218.0,2021-04-03 10:42:49
2021-04-03 10:42:52,6546376.0,6546899.0,2021-04-03 10:42:52
2021-04-03 10:42:55,6544221.0,6544759.0,2021-04-03 10:42:55
2021-04-03 10:42:58,6544160.0,6545110.0,2021-04-03 10:42:58
2021-04-03 10:43:01,6544160.0,6544826.0,2021-04-03 10:43:01
2021-04-03 10:43:04,6544000.0,6544180.0,2021-04-03 10:43:04
2021-04-03 10:43:08,6543775.0,6544327.0,2021-04-03 10:43:07
2021-04-03 10:43:11,6544575.0,6544835.0,2021-04-03 10:43:11
2021-04-03 10:43:14,6544480.0,6545179.0,2021-04-03 10:43:14
2021-04-03 10:43:17,6544480.0,6544999.0,2021-04-03 10:43:17
2021-04-03 10:43:20,6544481.0,6544999.0,2021-04-03 10:43:20
2021-04-03 10:43:23,6544480.0,6544999.0,2021-04-03 10:43:23
2021-04-03 10:43:26,6543273.0,6544235.0,2021-04-03 10:43:26
2021-04-03 10:43:29,6543273.0,6544235.0,2021-04-03 10:43:29
2021-04-03 10:43:32,6543273.0,6544587.0,2021-04-03 10:43:32
2021-04-03 10:43:35,6543273.0,6544331.0,2021-04-03 10:43:35
2021-04-03 10:43:38,6542458.0,6544445.0,2021-04-03 10:43:38
2021-04-03 10:43:42,6542458.0,6544281.0,2021-04-03 10:43:42
2021-04-03 10:43:45,6542484.0,6543553.0,2021-04-03 10:43:45
2021-04-03 10:43:48,6541298.0,6542476.0,2021-04-03 10:43:48
2021-04-03 10:43:51,6541313.0,6542456.0,2021-04-03 10:43:51
2021-04-03 10:43:54,6541313.0,6542814.0,2021-04-03 10:43:54
2021-04-03 10:43:57,6540000.0,6540031.0,2021-04-03 10:43:57
2021-04-03 10:44:00,6540000.0,6540069.0,2021-04-03 10:44:00
2021-04-03 10:44:03,6542814.0,6543040.0,2021-04-03 10:44:03
2021-04-03 10:44:07,6542815.0,6544312.0,2021-04-03 10:44:07
2021-04-03 10:44:10,6543001.0,6544670.0,2021-04-03 10:44:10
2021-04-03 10:44:13,6543002.0,6544992.0,2021-04-03 10:44:13
2021-04-03 10:44:16,6541663.0,6544370.0,2021-04-03 10:44:16
2021-04-03 10:44:19,6541678.0,6544217.0,2021-04-03 10:44:19
2021-04-03 10:44:22,6542501.0,6544132.0,2021-04-03 10:44:22
2021-04-03 10:44:25,6541754.0,6544132.0,2021-04-03 10:44:25
2021-04-03 10:44:28,6543627.0,6544999.0,2021-04-03 10:44:28
2021-04-03 10:44:32,6543628.0,6544999.0,2021-04-03 10:44:32
2021-04-03 10:44:35,6543996.0,6544999.0,2021-04-03 10:44:35
2021-04-03 10:44:38,6544112.0,6544999.0,2021-04-03 10:44:38
2021-04-03 10:44:41,6545560.0,6547000.0,2021-04-03 10:44:41
2021-04-03 10:44:44,6545570.0,6546856.0,2021-04-03 10:44:44
2021-04-03 10:44:47,6545437.0,6546843.0,2021-04-03 10:44:47
2021-04-03 10:44:50,6545598.0,6546833.0,2021-04-03 10:44:50
2021-04-03 10:44:53,6545467.0,6547503.0,2021-04-03 10:44:53
2021-04-03 10:44:56,6545477.0,6547877.0,2021-04-03 10:44:56
2021-04-03 10:44:59,6546042.0,6547693.0,2021-04-03 10:44:59
2021-04-03 10:45:02,6546414.0,6547877.0,2021-04-03 10:45:02
2021-04-03 10:45:06,6546251.0,6547813.0,2021-04-03 10:45:05
2021-04-03 10:45:09,6546251.0,6547514.0,2021-04-03 10:45:09
2021-04-03 10:45:12,6545000.0,6546345.0,2021-04-03 10:45:12
2021-04-03 10:45:15,6544770.0,6546182.0,2021-04-03 10:45:15
2021-04-03 10:45:18,6544770.0,6546135.0,2021-04-03 10:45:18
2021-04-03 10:45:21,6544160.0,6544425.0,2021-04-03 10:45:21
2021-04-03 10:45:24,6544160.0,6544706.0,2021-04-03 10:45:24
2021-04-03 10:45:27,6543152.0,6545172.0,2021-04-03 10:45:27
2021-04-03 10:45:30,6542559.0,6544500.0,2021-04-03 10:45:30
2021-04-03 10:45:33,6542559.0,6542953.0,2021-04-03 10:45:33
2021-04-03 10:45:37,6540001.0,6540773.0,2021-04-03 10:45:36
2021-04-03 10:45:40,6540001.0,6541850.0,2021-04-03 10:45:40
2021-04-03 10:45:43,6540188.0,6541862.0,2021-04-03 10:45:43
2021-04-03 10:45:46,6540774.0,6541861.0,2021-04-03 10:45:46
2021-04-03 10:45:49,6540774.0,6541861.0,2021-04-03 10:45:49
2021-04-03 10:45:52,6540883.0,6541861.0,2021-04-03 10:45:52
2021-04-03 10:45:55,6540883.0,6541763.0,2021-04-03 10:45:55
2021-04-03 10:45:58,6540883.0,6542491.0,2021-04-03 10:45:58
2021-04-03 10:46:01,6540883.0,6542490.0,2021-04-03 10:46:01
2021-04-03 10:46:04,6540898.0,6542490.0,2021-04-03 10:46:04
2021-04-03 10:46:07,6540898.0,6542490.0,2021-04-03 10:46:07
2021-04-03 10:46:10,6539703.0,6542489.0,2021-04-03 10:46:10
2021-04-03 10:46:13,6539703.0,6541850.0,2021-04-03 10:46:13
2021-04-03 10:46:16,6539703.0,6541249.0,2021-04-03 10:46:16
2021-04-03 10:46:19,6539713.0,6541249.0,2021-04-03 10:46:19
2021-04-03 10:46:22,6539680.0,6541247.0,2021-04-03 10:46:22
2021-04-03 10:46:25,6539703.0,6541092.0,2021-04-03 10:46:25
2021-04-03 10:46:28,6539680.0,6541249.0,2021-04-03 10:46:28
2021-04-03 10:46:31,6539054.0,6539638.0,2021-04-03 10:46:31
2021-04-03 10:46:34,6539054.0,6539616.0,2021-04-03 10:46:34
2021-04-03 10:46:38,6538864.0,6540352.0,2021-04-03 10:46:37
2021-04-03 10:46:41,6538864.0,6540417.0,2021-04-03 10:46:41
2021-04-03 10:46:44,6538864.0,6540261.0,2021-04-03 10:46:44
2021-04-03 10:46:47,6539073.0,6540726.0,2021-04-03 10:46:47
2021-04-03 10:46:50,6538857.0,6540726.0,2021-04-03 10:46:50
2021-04-03 10:46:53,6538883.0,6540726.0,2021-04-03 10:46:53
2021-04-03 10:46:56,6537785.0,6540429.0,2021-04-03 10:46:56
2021-04-03 10:46:59,6537785.0,6539508.0,2021-04-03 10:46:59
2021-04-03 10:47:02,6537705.0,6538342.0,2021-04-03 10:47:02
2021-04-03 10:47:05,6536320.0,6536483.0,2021-04-03 10:47:05
2021-04-03 10:47:08,6536320.0,6537325.0,2021-04-03 10:47:08
2021-04-03 10:47:12,6536251.0,6536542.0,2021-04-03 10:47:11
2021-04-03 10:47:15,6535200.0,6536247.0,2021-04-03 10:47:15
2021-04-03 10:47:18,6537583.0,6538089.0,2021-04-03 10:47:18
2021-04-03 10:47:21,6536252.0,6537499.0,2021-04-03 10:47:21
2021-04-03 10:47:24,6539427.0,6540571.0,2021-04-03 10:47:24
2021-04-03 10:47:27,6538604.0,6539363.0,2021-04-03 10:47:27
2021-04-03 10:47:30,6538043.0,6538225.0,2021-04-03 10:47:30
2021-04-03 10:47:34,6535200.0,6537362.0,2021-04-03 10:47:34
2021-04-03 10:47:37,6535001.0,6537242.0,2021-04-03 10:47:37
2021-04-03 10:47:40,6535001.0,6537235.0,2021-04-03 10:47:40
2021-04-03 10:47:43,6535001.0,6536685.0,2021-04-03 10:47:43
2021-04-03 10:47:46,6535000.0,6536308.0,2021-04-03 10:47:46
2021-04-03 10:47:49,6534080.0,6534935.0,2021-04-03 10:47:49
2021-04-03 10:47:52,6534080.0,6534935.0,2021-04-03 10:47:52
2021-04-03 10:47:55,6534176.0,6536125.0,2021-04-03 10:47:55
2021-04-03 10:47:58,6533568.0,6535637.0,2021-04-03 10:47:58
2021-04-03 10:48:01,6533568.0,6534455.0,2021-04-03 10:48:01
2021-04-03 10:48:04,6533000.0,6533515.0,2021-04-03 10:48:04
2021-04-03 10:48:07,6538811.0,6540520.0,2021-04-03 10:48:07
2021-04-03 10:48:11,6540049.0,6540538.0,2021-04-03 10:48:11
2021-04-03 10:48:15,6538257.0,6540800.0,2021-04-03 10:48:15
2021-04-03 10:48:18,6538751.0,6540800.0,2021-04-03 10:48:18
2021-04-03 10:48:21,6538760.0,6540800.0,2021-04-03 10:48:21
2021-04-03 10:48:24,6539412.0,6540531.0,2021-04-03 10:48:24
2021-04-03 10:48:27,6540647.0,6541494.0,2021-04-03 10:48:27
2021-04-03 10:48:30,6539800.0,6541494.0,2021-04-03 10:48:30
2021-04-03 10:48:33,6541530.0,6543040.0,2021-04-03 10:48:33
2021-04-03 10:48:36,6540668.0,6542881.0,2021-04-03 10:48:36
2021-04-03 10:48:39,6541587.0,6543934.0,2021-04-03 10:48:39
2021-04-03 10:48:42,6541602.0,6543934.0,2021-04-03 10:48:42
2021-04-03 10:48:45,6542681.0,6544293.0,2021-04-03 10:48:45
2021-04-03 10:48:48,6542681.0,6544293.0,2021-04-03 10:48:48
2021-04-03 10:48:51,6542501.0,6544293.0,2021-04-03 10:48:51
2021-04-03 10:48:54,6542501.0,6544293.0,2021-04-03 10:48:54
