timestamp,bid,ask,tick_timestamp
2021-04-15 16:22:46,6878350.0,6878351.0,2021-04-15 16:22:46.643
2021-04-15 16:22:47,6878350.0,6878351.0,2021-04-15 16:22:47.661
2021-04-15 16:22:48,6878350.0,6878351.0,2021-04-15 16:22:48.668
2021-04-15 16:22:49,6878350.0,6878351.0,2021-04-15 16:22:49.673
2021-04-15 16:22:50,6878350.0,6878351.0,2021-04-15 16:22:50.684
2021-04-15 16:22:51,6878350.0,6878351.0,2021-04-15 16:22:51.692
2021-04-15 16:22:52,6878350.0,6878351.0,2021-04-15 16:22:52.703
2021-04-15 16:22:53,6878350.0,6878351.0,2021-04-15 16:22:53.714
2021-04-15 16:22:54,6878350.0,6878001.0,2021-04-15 16:22:54.735
2021-04-15 16:22:55,6878350.0,6878001.0,2021-04-15 16:22:55.752
2021-04-15 16:22:56,6878350.0,6878001.0,2021-04-15 16:22:56.782
2021-04-15 16:22:57,6878350.0,6878001.0,2021-04-15 16:22:57.792
2021-04-15 16:22:58,6878350.0,6878001.0,2021-04-15 16:22:58.808
2021-04-15 16:22:59,6878350.0,6878001.0,2021-04-15 16:22:59.824
2021-04-15 16:23:00,6878350.0,6878001.0,2021-04-15 16:23:00.829
2021-04-15 16:23:01,6878350.0,6878001.0,2021-04-15 16:23:01.846
2021-04-15 16:23:02,6878350.0,6878001.0,2021-04-15 16:23:02.865
2021-04-15 16:23:03,6878000.0,6878001.0,2021-04-15 16:23:03.873
2021-04-15 16:23:04,6878000.0,6878001.0,2021-04-15 16:23:04.976
2021-04-15 16:23:06,6878000.0,6878001.0,2021-04-15 16:23:05.991
2021-04-15 16:23:07,6878000.0,6878001.0,2021-04-15 16:23:07.037
2021-04-15 16:23:08,6878000.0,6878001.0,2021-04-15 16:23:08.046
2021-04-15 16:23:09,6878000.0,6878001.0,2021-04-15 16:23:09.076
2021-04-15 16:23:10,6878000.0,6878001.0,2021-04-15 16:23:10.182
2021-04-15 16:23:11,6878000.0,6878001.0,2021-04-15 16:23:11.202
2021-04-15 16:23:12,6878000.0,6878001.0,2021-04-15 16:23:12.215
2021-04-15 16:23:13,6877227.0,6878001.0,2021-04-15 16:23:13.233
2021-04-15 16:23:14,6877227.0,6878001.0,2021-04-15 16:23:14.249
2021-04-15 16:23:15,6877227.0,6878001.0,2021-04-15 16:23:15.253
2021-04-15 16:23:16,6877227.0,6878001.0,2021-04-15 16:23:16.262
2021-04-15 16:23:17,6876977.0,6878001.0,2021-04-15 16:23:17.285
2021-04-15 16:23:18,6876977.0,6878001.0,2021-04-15 16:23:18.293
2021-04-15 16:23:19,6876977.0,6878001.0,2021-04-15 16:23:19.312
2021-04-15 16:23:20,6876977.0,6878001.0,2021-04-15 16:23:20.344
2021-04-15 16:23:21,6876977.0,6878001.0,2021-04-15 16:23:21.388
2021-04-15 16:23:22,6876977.0,6878001.0,2021-04-15 16:23:22.406
2021-04-15 16:23:23,6876977.0,6878001.0,2021-04-15 16:23:23.412
2021-04-15 16:23:24,6870605.0,6876976.0,2021-04-15 16:23:24.430
2021-04-15 16:23:25,6870605.0,6876976.0,2021-04-15 16:23:25.461
2021-04-15 16:23:26,6870605.0,6876976.0,2021-04-15 16:23:26.479
2021-04-15 16:23:27,6870605.0,6876976.0,2021-04-15 16:23:27.492
2021-04-15 16:23:28,6870605.0,6876976.0,2021-04-15 16:23:28.549
2021-04-15 16:23:29,6870605.0,6876976.0,2021-04-15 16:23:29.566
2021-04-15 16:23:30,6870605.0,6876976.0,2021-04-15 16:23:30.570
2021-04-15 16:23:31,6870605.0,6876976.0,2021-04-15 16:23:31.598
2021-04-15 16:23:32,6870605.0,6876976.0,2021-04-15 16:23:32.610
2021-04-15 16:23:33,6870605.0,6876976.0,2021-04-15 16:23:33.633
2021-04-15 16:23:34,6870605.0,6876976.0,2021-04-15 16:23:34.686
2021-04-15 16:23:35,6870605.0,6876976.0,2021-04-15 16:23:35.727
2021-04-15 16:23:36,6870605.0,6876976.0,2021-04-15 16:23:36.733
2021-04-15 16:23:37,6870605.0,6876976.0,2021-04-15 16:23:37.773
2021-04-15 16:23:38,6870605.0,6876976.0,2021-04-15 16:23:38.779
2021-04-15 16:23:39,6870605.0,6870606.0,2021-04-15 16:23:39.785
2021-04-15 16:23:40,6870605.0,6870606.0,2021-04-15 16:23:40.826
2021-04-15 16:23:41,6870605.0,6870606.0,2021-04-15 16:23:41.833
2021-04-15 16:23:42,6870605.0,6870606.0,2021-04-15 16:23:42.838
2021-04-15 16:23:43,6870605.0,6870606.0,2021-04-15 16:23:43.850
2021-04-15 16:23:44,6870605.0,6870606.0,2021-04-15 16:23:44.865
2021-04-15 16:23:46,6870605.0,6870606.0,2021-04-15 16:23:45.990
2021-04-15 16:23:47,6870605.0,6870606.0,2021-04-15 16:23:47.043
2021-04-15 16:23:48,6870004.0,6870606.0,2021-04-15 16:23:48.049
2021-04-15 16:23:49,6870004.0,6870606.0,2021-04-15 16:23:49.052
2021-04-15 16:23:50,6869679.0,6870606.0,2021-04-15 16:23:50.088
2021-04-15 16:23:51,6868611.0,6870606.0,2021-04-15 16:23:51.186
2021-04-15 16:23:52,6867507.0,6870606.0,2021-04-15 16:23:52.208
2021-04-15 16:23:53,6867490.0,6870606.0,2021-04-15 16:23:53.213
2021-04-15 16:23:55,6860029.0,6865001.0,2021-04-15 16:23:55.508
2021-04-15 16:23:56,6860029.0,6865001.0,2021-04-15 16:23:56.516
2021-04-15 16:23:57,6860029.0,6865001.0,2021-04-15 16:23:57.619
2021-04-15 16:23:58,6860029.0,6865001.0,2021-04-15 16:23:58.633
2021-04-15 16:23:59,6860029.0,6865001.0,2021-04-15 16:23:59.648
2021-04-15 16:24:00,6860029.0,6865001.0,2021-04-15 16:24:00.664
2021-04-15 16:24:01,6860029.0,6865001.0,2021-04-15 16:24:01.682
2021-04-15 16:24:02,6860029.0,6865001.0,2021-04-15 16:24:02.688
2021-04-15 16:24:03,6860029.0,6865001.0,2021-04-15 16:24:03.695
2021-04-15 16:24:04,6860029.0,6865001.0,2021-04-15 16:24:04.830
2021-04-15 16:24:05,6860029.0,6865001.0,2021-04-15 16:24:05.846
2021-04-15 16:24:06,6860029.0,6865001.0,2021-04-15 16:24:06.857
2021-04-15 16:24:07,6860029.0,6865001.0,2021-04-15 16:24:07.879
2021-04-15 16:24:08,6860203.0,6860204.0,2021-04-15 16:24:08.984
2021-04-15 16:24:10,6860203.0,6860204.0,2021-04-15 16:24:10.647
2021-04-15 16:24:11,6860203.0,6860204.0,2021-04-15 16:24:11.665
2021-04-15 16:24:12,6860203.0,6860204.0,2021-04-15 16:24:12.675
2021-04-15 16:24:14,6860203.0,6860204.0,2021-04-15 16:24:14.336
2021-04-15 16:24:15,6860203.0,6860204.0,2021-04-15 16:24:15.421
2021-04-15 16:24:16,6860203.0,6860204.0,2021-04-15 16:24:16.464
2021-04-15 16:24:17,6860203.0,6860204.0,2021-04-15 16:24:17.476
2021-04-15 16:24:18,6860203.0,6860204.0,2021-04-15 16:24:18.489
2021-04-15 16:24:19,6860203.0,6860204.0,2021-04-15 16:24:19.532
2021-04-15 16:24:20,6860203.0,6860204.0,2021-04-15 16:24:20.550
2021-04-15 16:24:21,6860203.0,6860204.0,2021-04-15 16:24:21.572
2021-04-15 16:24:22,6860203.0,6860204.0,2021-04-15 16:24:22.585
2021-04-15 16:24:23,6860203.0,6860204.0,2021-04-15 16:24:23.594
2021-04-15 16:24:24,6860216.0,6860204.0,2021-04-15 16:24:24.614
2021-04-15 16:24:25,6860216.0,6860204.0,2021-04-15 16:24:25.618
2021-04-15 16:24:26,6860216.0,6860204.0,2021-04-15 16:24:26.636
2021-04-15 16:24:27,6860216.0,6860204.0,2021-04-15 16:24:27.711
2021-04-15 16:24:28,6860216.0,6860204.0,2021-04-15 16:24:28.730
2021-04-15 16:24:30,6860216.0,6860204.0,2021-04-15 16:24:30.371
2021-04-15 16:24:31,6860216.0,6860204.0,2021-04-15 16:24:31.421
2021-04-15 16:24:32,6860216.0,6860204.0,2021-04-15 16:24:32.455
2021-04-15 16:24:33,6860216.0,6860204.0,2021-04-15 16:24:33.467
2021-04-15 16:24:34,6858697.0,6860204.0,2021-04-15 16:24:34.474
2021-04-15 16:24:35,6858697.0,6860204.0,2021-04-15 16:24:35.477
2021-04-15 16:24:36,6858697.0,6860204.0,2021-04-15 16:24:36.492
2021-04-15 16:24:37,6858697.0,6860204.0,2021-04-15 16:24:37.630
2021-04-15 16:24:38,6858697.0,6860204.0,2021-04-15 16:24:38.640
2021-04-15 16:24:39,6858697.0,6857700.0,2021-04-15 16:24:39.667
2021-04-15 16:24:40,6858697.0,6857700.0,2021-04-15 16:24:40.677
2021-04-15 16:24:41,6858697.0,6857700.0,2021-04-15 16:24:41.691
2021-04-15 16:24:42,6858697.0,6857700.0,2021-04-15 16:24:42.809
2021-04-15 16:24:44,6858697.0,6857700.0,2021-04-15 16:24:43.818
2021-04-15 16:24:45,6858697.0,6857700.0,2021-04-15 16:24:45.067
2021-04-15 16:24:46,6858697.0,6857700.0,2021-04-15 16:24:46.079
2021-04-15 16:24:47,6858697.0,6857700.0,2021-04-15 16:24:47.147
2021-04-15 16:24:48,6858697.0,6857700.0,2021-04-15 16:24:48.160
2021-04-15 16:24:49,6858697.0,6857700.0,2021-04-15 16:24:49.178
2021-04-15 16:24:50,6858697.0,6857700.0,2021-04-15 16:24:50.313
2021-04-15 16:24:51,6858697.0,6857700.0,2021-04-15 16:24:51.358
2021-04-15 16:24:52,6858697.0,6857700.0,2021-04-15 16:24:52.364
2021-04-15 16:24:53,6858697.0,6857700.0,2021-04-15 16:24:53.367
2021-04-15 16:24:54,6858697.0,6857700.0,2021-04-15 16:24:54.385
2021-04-15 16:24:55,6858697.0,6857700.0,2021-04-15 16:24:55.390
2021-04-15 16:24:56,6858697.0,6857700.0,2021-04-15 16:24:56.406
2021-04-15 16:24:57,6858697.0,6857700.0,2021-04-15 16:24:57.455
2021-04-15 16:24:58,6858697.0,6857700.0,2021-04-15 16:24:58.524
2021-04-15 16:24:59,6858697.0,6857700.0,2021-04-15 16:24:59.531
2021-04-15 16:25:00,6858697.0,6857700.0,2021-04-15 16:25:00.552
2021-04-15 16:25:01,6858697.0,6857700.0,2021-04-15 16:25:01.606
2021-04-15 16:25:02,6858697.0,6857700.0,2021-04-15 16:25:02.624
2021-04-15 16:25:03,6858697.0,6857700.0,2021-04-15 16:25:03.645
2021-04-15 16:25:04,6858697.0,6857700.0,2021-04-15 16:25:04.656
2021-04-15 16:25:05,6858697.0,6857700.0,2021-04-15 16:25:05.673
2021-04-15 16:25:06,6858697.0,6857700.0,2021-04-15 16:25:06.685
2021-04-15 16:25:07,6858697.0,6857700.0,2021-04-15 16:25:07.704
2021-04-15 16:25:08,6858697.0,6857700.0,2021-04-15 16:25:08.726
2021-04-15 16:25:09,6858697.0,6857700.0,2021-04-15 16:25:09.918
2021-04-15 16:25:10,6858697.0,6857700.0,2021-04-15 16:25:10.941
2021-04-15 16:25:11,6858697.0,6857700.0,2021-04-15 16:25:11.952
2021-04-15 16:25:13,6858697.0,6857700.0,2021-04-15 16:25:13.120
2021-04-15 16:25:14,6858697.0,6857700.0,2021-04-15 16:25:14.126
2021-04-15 16:25:15,6858697.0,6857700.0,2021-04-15 16:25:15.165
2021-04-15 16:25:16,6858697.0,6857700.0,2021-04-15 16:25:16.176
2021-04-15 16:25:17,6858697.0,6857700.0,2021-04-15 16:25:17.211
2021-04-15 16:25:18,6858697.0,6857700.0,2021-04-15 16:25:18.222
2021-04-15 16:25:19,6858697.0,6857700.0,2021-04-15 16:25:19.232
2021-04-15 16:25:20,6858697.0,6857700.0,2021-04-15 16:25:20.274
2021-04-15 16:25:21,6858697.0,6857700.0,2021-04-15 16:25:21.326
2021-04-15 16:25:22,6858697.0,6857700.0,2021-04-15 16:25:22.417
2021-04-15 16:25:23,6858697.0,6857700.0,2021-04-15 16:25:23.457
2021-04-15 16:25:24,6858697.0,6857700.0,2021-04-15 16:25:24.479
2021-04-15 16:25:25,6858697.0,6857700.0,2021-04-15 16:25:25.522
2021-04-15 16:25:26,6858697.0,6857700.0,2021-04-15 16:25:26.542
2021-04-15 16:25:27,6858697.0,6857700.0,2021-04-15 16:25:27.554
2021-04-15 16:25:28,6858697.0,6857700.0,2021-04-15 16:25:28.558
2021-04-15 16:25:29,6858697.0,6857700.0,2021-04-15 16:25:29.588
2021-04-15 16:25:30,6858697.0,6857700.0,2021-04-15 16:25:30.592
2021-04-15 16:25:31,6858697.0,6857700.0,2021-04-15 16:25:31.603
2021-04-15 16:25:32,6858697.0,6857700.0,2021-04-15 16:25:32.632
2021-04-15 16:25:33,6858697.0,6857700.0,2021-04-15 16:25:33.644
2021-04-15 16:25:34,6858697.0,6857700.0,2021-04-15 16:25:34.653
2021-04-15 16:25:35,6858697.0,6857700.0,2021-04-15 16:25:35.661
2021-04-15 16:25:36,6858697.0,6857700.0,2021-04-15 16:25:36.673
2021-04-15 16:25:37,6858697.0,6857700.0,2021-04-15 16:25:37.692
2021-04-15 16:25:38,6858697.0,6857700.0,2021-04-15 16:25:38.701
2021-04-15 16:25:39,6858697.0,6857700.0,2021-04-15 16:25:39.743
2021-04-15 16:25:40,6858697.0,6857700.0,2021-04-15 16:25:40.770
2021-04-15 16:25:41,6858697.0,6857700.0,2021-04-15 16:25:41.776
2021-04-15 16:25:42,6858697.0,6857700.0,2021-04-15 16:25:42.789
2021-04-15 16:25:43,6858697.0,6857700.0,2021-04-15 16:25:43.794
2021-04-15 16:25:44,6858697.0,6857700.0,2021-04-15 16:25:44.826
2021-04-15 16:25:45,6858697.0,6857700.0,2021-04-15 16:25:45.873
2021-04-15 16:25:46,6858697.0,6857700.0,2021-04-15 16:25:46.891
2021-04-15 16:25:47,6858697.0,6857700.0,2021-04-15 16:25:47.900
2021-04-15 16:25:48,6858697.0,6857700.0,2021-04-15 16:25:48.904
2021-04-15 16:25:49,6858697.0,6857700.0,2021-04-15 16:25:49.909
2021-04-15 16:25:50,6858697.0,6857700.0,2021-04-15 16:25:50.915
2021-04-15 16:25:51,6858697.0,6857700.0,2021-04-15 16:25:51.964
2021-04-15 16:25:53,6858697.0,6857700.0,2021-04-15 16:25:53.724
2021-04-15 16:25:54,6858697.0,6857700.0,2021-04-15 16:25:54.794
2021-04-15 16:25:55,6858697.0,6857700.0,2021-04-15 16:25:55.829
2021-04-15 16:25:56,6858697.0,6857700.0,2021-04-15 16:25:56.844
2021-04-15 16:25:57,6858697.0,6857700.0,2021-04-15 16:25:57.858
2021-04-15 16:25:58,6858697.0,6857700.0,2021-04-15 16:25:58.866
2021-04-15 16:25:59,6858697.0,6857700.0,2021-04-15 16:25:59.998
2021-04-15 16:26:01,6858697.0,6857700.0,2021-04-15 16:26:01.079
2021-04-15 16:26:02,6858697.0,6857700.0,2021-04-15 16:26:02.086
2021-04-15 16:26:03,6858697.0,6857700.0,2021-04-15 16:26:03.090
2021-04-15 16:26:04,6858697.0,6857700.0,2021-04-15 16:26:04.092
2021-04-15 16:26:05,6858697.0,6857700.0,2021-04-15 16:26:05.105
2021-04-15 16:26:06,6858697.0,6857700.0,2021-04-15 16:26:06.123
2021-04-15 16:26:07,6858697.0,6857700.0,2021-04-15 16:26:07.143
2021-04-15 16:26:08,6858697.0,6857700.0,2021-04-15 16:26:08.201
2021-04-15 16:26:09,6858697.0,6857700.0,2021-04-15 16:26:09.254
2021-04-15 16:26:10,6858697.0,6857700.0,2021-04-15 16:26:10.276
2021-04-15 16:26:11,6858697.0,6857700.0,2021-04-15 16:26:11.296
2021-04-15 16:26:12,6858697.0,6857700.0,2021-04-15 16:26:12.300
2021-04-15 16:26:13,6858697.0,6857700.0,2021-04-15 16:26:13.345
2021-04-15 16:26:14,6858697.0,6857700.0,2021-04-15 16:26:14.419
2021-04-15 16:26:15,6858697.0,6857700.0,2021-04-15 16:26:15.434
2021-04-15 16:26:16,6858697.0,6857700.0,2021-04-15 16:26:16.453
2021-04-15 16:26:17,6858697.0,6857700.0,2021-04-15 16:26:17.471
2021-04-15 16:26:18,6858697.0,6857700.0,2021-04-15 16:26:18.491
2021-04-15 16:26:19,6858697.0,6857700.0,2021-04-15 16:26:19.502
2021-04-15 16:26:20,6858697.0,6857700.0,2021-04-15 16:26:20.519
2021-04-15 16:26:21,6858697.0,6857700.0,2021-04-15 16:26:21.526
2021-04-15 16:26:22,6858697.0,6857700.0,2021-04-15 16:26:22.531
2021-04-15 16:26:23,6858697.0,6857700.0,2021-04-15 16:26:23.656
2021-04-15 16:26:24,6862868.0,6857700.0,2021-04-15 16:26:24.666
2021-04-15 16:26:25,6862868.0,6857700.0,2021-04-15 16:26:25.683
2021-04-15 16:26:26,6862868.0,6857700.0,2021-04-15 16:26:26.691
2021-04-15 16:26:27,6862868.0,6857700.0,2021-04-15 16:26:27.709
2021-04-15 16:26:28,6862868.0,6857700.0,2021-04-15 16:26:28.733
2021-04-15 16:26:29,6862868.0,6857700.0,2021-04-15 16:26:29.746
2021-04-15 16:26:30,6862868.0,6857700.0,2021-04-15 16:26:30.758
2021-04-15 16:26:31,6862868.0,6857700.0,2021-04-15 16:26:31.772
2021-04-15 16:26:32,6862868.0,6857700.0,2021-04-15 16:26:32.815
2021-04-15 16:26:33,6862868.0,6857700.0,2021-04-15 16:26:33.825
2021-04-15 16:26:34,6862868.0,6857700.0,2021-04-15 16:26:34.837
2021-04-15 16:26:35,6862868.0,6857700.0,2021-04-15 16:26:35.859
2021-04-15 16:26:36,6862868.0,6857700.0,2021-04-15 16:26:36.876
2021-04-15 16:26:37,6862868.0,6857700.0,2021-04-15 16:26:37.914
2021-04-15 16:26:38,6862894.0,6857700.0,2021-04-15 16:26:38.936
2021-04-15 16:26:40,6862894.0,6857700.0,2021-04-15 16:26:40.008
2021-04-15 16:26:41,6862894.0,6857700.0,2021-04-15 16:26:41.028
2021-04-15 16:26:42,6862894.0,6857700.0,2021-04-15 16:26:42.107
2021-04-15 16:26:43,6862894.0,6857700.0,2021-04-15 16:26:43.197
2021-04-15 16:26:44,6862894.0,6857700.0,2021-04-15 16:26:44.239
2021-04-15 16:26:45,6862894.0,6857700.0,2021-04-15 16:26:45.265
2021-04-15 16:26:46,6862894.0,6857700.0,2021-04-15 16:26:46.322
2021-04-15 16:26:47,6862894.0,6857700.0,2021-04-15 16:26:47.336
2021-04-15 16:26:48,6862894.0,6857700.0,2021-04-15 16:26:48.378
2021-04-15 16:26:49,6862894.0,6857700.0,2021-04-15 16:26:49.423
2021-04-15 16:26:50,6862894.0,6857700.0,2021-04-15 16:26:50.531
2021-04-15 16:26:51,6862894.0,6857700.0,2021-04-15 16:26:51.537
2021-04-15 16:26:52,6862894.0,6857700.0,2021-04-15 16:26:52.651
2021-04-15 16:26:53,6862894.0,6857700.0,2021-04-15 16:26:53.772
2021-04-15 16:26:54,6865126.0,6857700.0,2021-04-15 16:26:54.903
2021-04-15 16:26:55,6865126.0,6857700.0,2021-04-15 16:26:55.917
2021-04-15 16:26:56,6865126.0,6857700.0,2021-04-15 16:26:56.922
2021-04-15 16:26:57,6865126.0,6857700.0,2021-04-15 16:26:57.936
2021-04-15 16:26:58,6865126.0,6857700.0,2021-04-15 16:26:58.951
2021-04-15 16:26:59,6865126.0,6857700.0,2021-04-15 16:26:59.955
2021-04-15 16:27:00,6865126.0,6857700.0,2021-04-15 16:27:00.998
2021-04-15 16:27:02,6865126.0,6857700.0,2021-04-15 16:27:02.002
2021-04-15 16:27:03,6865126.0,6857700.0,2021-04-15 16:27:03.018
2021-04-15 16:27:04,6865126.0,6866978.0,2021-04-15 16:27:04.080
2021-04-15 16:27:05,6865126.0,6866978.0,2021-04-15 16:27:05.097
2021-04-15 16:27:06,6865126.0,6866978.0,2021-04-15 16:27:06.128
2021-04-15 16:27:07,6865126.0,6866978.0,2021-04-15 16:27:07.144
2021-04-15 16:27:08,6865126.0,6866978.0,2021-04-15 16:27:08.157
2021-04-15 16:27:09,6867125.0,6866978.0,2021-04-15 16:27:09.162
2021-04-15 16:27:10,6867125.0,6866978.0,2021-04-15 16:27:10.215
2021-04-15 16:27:11,6867125.0,6866978.0,2021-04-15 16:27:11.232
2021-04-15 16:27:12,6867125.0,6866978.0,2021-04-15 16:27:12.320
2021-04-15 16:27:13,6867125.0,6866978.0,2021-04-15 16:27:13.368
2021-04-15 16:27:14,6867125.0,6866978.0,2021-04-15 16:27:14.413
2021-04-15 16:27:15,6867125.0,6866978.0,2021-04-15 16:27:15.451
2021-04-15 16:27:16,6867125.0,6866978.0,2021-04-15 16:27:16.486
2021-04-15 16:27:17,6867125.0,6866978.0,2021-04-15 16:27:17.507
2021-04-15 16:27:18,6867125.0,6866978.0,2021-04-15 16:27:18.557
2021-04-15 16:27:19,6867125.0,6866978.0,2021-04-15 16:27:19.606
2021-04-15 16:27:20,6867125.0,6866978.0,2021-04-15 16:27:20.693
2021-04-15 16:27:21,6867125.0,6866978.0,2021-04-15 16:27:21.718
2021-04-15 16:27:22,6867125.0,6866978.0,2021-04-15 16:27:22.738
2021-04-15 16:27:23,6867125.0,6866978.0,2021-04-15 16:27:23.772
2021-04-15 16:27:24,6867125.0,6866978.0,2021-04-15 16:27:24.787
2021-04-15 16:27:25,6867125.0,6866978.0,2021-04-15 16:27:25.813
2021-04-15 16:27:26,6867125.0,6866978.0,2021-04-15 16:27:26.841
2021-04-15 16:27:27,6867125.0,6866978.0,2021-04-15 16:27:27.856
2021-04-15 16:27:28,6867125.0,6866978.0,2021-04-15 16:27:28.871
2021-04-15 16:27:29,6867125.0,6866978.0,2021-04-15 16:27:29.907
2021-04-15 16:27:30,6867125.0,6866978.0,2021-04-15 16:27:30.916
2021-04-15 16:27:31,6867125.0,6866978.0,2021-04-15 16:27:31.958
2021-04-15 16:27:32,6867125.0,6866978.0,2021-04-15 16:27:32.973
2021-04-15 16:27:34,6867125.0,6866978.0,2021-04-15 16:27:34.064
2021-04-15 16:27:35,6867125.0,6866978.0,2021-04-15 16:27:35.082
2021-04-15 16:27:36,6867125.0,6866978.0,2021-04-15 16:27:36.114
2021-04-15 16:27:37,6867125.0,6866978.0,2021-04-15 16:27:37.128
2021-04-15 16:27:38,6867125.0,6866978.0,2021-04-15 16:27:38.137
2021-04-15 16:27:39,6867125.0,6866978.0,2021-04-15 16:27:39.158
2021-04-15 16:27:40,6867125.0,6866978.0,2021-04-15 16:27:40.193
2021-04-15 16:27:41,6867125.0,6866978.0,2021-04-15 16:27:41.223
2021-04-15 16:27:42,6867125.0,6866978.0,2021-04-15 16:27:42.298
2021-04-15 16:27:43,6867125.0,6866978.0,2021-04-15 16:27:43.307
2021-04-15 16:27:44,6867125.0,6866978.0,2021-04-15 16:27:44.350
2021-04-15 16:27:45,6867125.0,6866978.0,2021-04-15 16:27:45.365
2021-04-15 16:27:46,6867125.0,6866978.0,2021-04-15 16:27:46.380
2021-04-15 16:27:47,6867125.0,6866978.0,2021-04-15 16:27:47.443
2021-04-15 16:27:48,6867125.0,6866978.0,2021-04-15 16:27:48.451
2021-04-15 16:27:49,6867125.0,6866978.0,2021-04-15 16:27:49.469
2021-04-15 16:27:50,6867125.0,6866978.0,2021-04-15 16:27:50.511
2021-04-15 16:27:51,6867125.0,6866978.0,2021-04-15 16:27:51.535
2021-04-15 16:27:52,6867125.0,6867260.0,2021-04-15 16:27:52.550
2021-04-15 16:27:53,6867125.0,6867260.0,2021-04-15 16:27:53.589
2021-04-15 16:27:54,6867125.0,6867126.0,2021-04-15 16:27:54.612
2021-04-15 16:27:55,6867125.0,6867126.0,2021-04-15 16:27:55.617
2021-04-15 16:27:56,6867125.0,6867126.0,2021-04-15 16:27:56.627
2021-04-15 16:27:57,6867125.0,6867126.0,2021-04-15 16:27:57.675
2021-04-15 16:27:58,6867125.0,6867126.0,2021-04-15 16:27:58.710
2021-04-15 16:27:59,6867125.0,6867126.0,2021-04-15 16:27:59.736
2021-04-15 16:28:00,6867125.0,6867126.0,2021-04-15 16:28:00.751
2021-04-15 16:28:01,6867125.0,6867126.0,2021-04-15 16:28:01.776
2021-04-15 16:28:02,6867125.0,6867126.0,2021-04-15 16:28:02.800
2021-04-15 16:28:03,6867125.0,6867126.0,2021-04-15 16:28:03.812
2021-04-15 16:28:04,6867125.0,6867126.0,2021-04-15 16:28:04.831
2021-04-15 16:28:06,6867125.0,6867126.0,2021-04-15 16:28:06.142
2021-04-15 16:28:07,6867125.0,6867126.0,2021-04-15 16:28:07.157
2021-04-15 16:28:08,6867125.0,6867126.0,2021-04-15 16:28:08.188
2021-04-15 16:28:09,6867139.0,6867126.0,2021-04-15 16:28:09.263
2021-04-15 16:28:10,6867139.0,6867126.0,2021-04-15 16:28:10.328
2021-04-15 16:28:11,6867139.0,6867126.0,2021-04-15 16:28:11.379
2021-04-15 16:28:12,6867139.0,6867126.0,2021-04-15 16:28:12.439
2021-04-15 16:28:13,6867139.0,6867126.0,2021-04-15 16:28:13.483
2021-04-15 16:28:14,6867139.0,6867126.0,2021-04-15 16:28:14.507
2021-04-15 16:28:15,6867139.0,6867126.0,2021-04-15 16:28:15.660
2021-04-15 16:28:16,6867139.0,6867126.0,2021-04-15 16:28:16.668
2021-04-15 16:28:17,6867139.0,6867126.0,2021-04-15 16:28:17.694
2021-04-15 16:28:18,6867139.0,6868353.0,2021-04-15 16:28:18.730
2021-04-15 16:28:19,6867139.0,6868353.0,2021-04-15 16:28:19.760
2021-04-15 16:28:20,6867139.0,6868353.0,2021-04-15 16:28:20.770
2021-04-15 16:28:21,6867139.0,6870196.0,2021-04-15 16:28:21.809
2021-04-15 16:28:22,6867139.0,6870196.0,2021-04-15 16:28:22.857
2021-04-15 16:28:23,6870800.0,6870196.0,2021-04-15 16:28:23.871
2021-04-15 16:28:24,6870800.0,6870196.0,2021-04-15 16:28:24.968
2021-04-15 16:28:25,6870800.0,6870196.0,2021-04-15 16:28:25.987
2021-04-15 16:28:27,6870800.0,6870196.0,2021-04-15 16:28:27.014
2021-04-15 16:28:28,6870800.0,6870196.0,2021-04-15 16:28:28.027
2021-04-15 16:28:29,6870800.0,6870196.0,2021-04-15 16:28:29.046
2021-04-15 16:28:30,6870800.0,6870196.0,2021-04-15 16:28:30.052
2021-04-15 16:28:31,6870800.0,6870196.0,2021-04-15 16:28:31.087
2021-04-15 16:28:32,6870800.0,6870196.0,2021-04-15 16:28:32.099
2021-04-15 16:28:33,6870800.0,6872973.0,2021-04-15 16:28:33.110
2021-04-15 16:28:34,6870800.0,6872973.0,2021-04-15 16:28:34.117
2021-04-15 16:28:35,6870800.0,6872973.0,2021-04-15 16:28:35.127
2021-04-15 16:28:36,6870800.0,6873299.0,2021-04-15 16:28:36.161
2021-04-15 16:28:37,6870800.0,6873299.0,2021-04-15 16:28:37.273
2021-04-15 16:28:38,6870800.0,6873299.0,2021-04-15 16:28:38.278
2021-04-15 16:28:39,6873096.0,6873097.0,2021-04-15 16:28:39.293
2021-04-15 16:28:40,6873096.0,6873097.0,2021-04-15 16:28:40.301
2021-04-15 16:28:41,6873096.0,6873097.0,2021-04-15 16:28:41.333
2021-04-15 16:28:42,6873096.0,6873097.0,2021-04-15 16:28:42.345
2021-04-15 16:28:43,6873096.0,6873788.0,2021-04-15 16:28:43.350
2021-04-15 16:28:44,6873096.0,6873788.0,2021-04-15 16:28:44.354
2021-04-15 16:28:45,6873096.0,6873788.0,2021-04-15 16:28:45.366
2021-04-15 16:28:46,6873096.0,6873788.0,2021-04-15 16:28:46.424
2021-04-15 16:28:47,6873096.0,6873788.0,2021-04-15 16:28:47.443
2021-04-15 16:28:48,6873096.0,6873788.0,2021-04-15 16:28:48.486
2021-04-15 16:28:49,6873096.0,6873788.0,2021-04-15 16:28:49.507
2021-04-15 16:28:50,6873096.0,6873788.0,2021-04-15 16:28:50.560
2021-04-15 16:28:51,6873096.0,6873788.0,2021-04-15 16:28:51.778
2021-04-15 16:28:52,6873096.0,6873788.0,2021-04-15 16:28:52.780
2021-04-15 16:28:53,6874209.0,6873788.0,2021-04-15 16:28:53.816
2021-04-15 16:28:54,6874209.0,6873788.0,2021-04-15 16:28:54.873
2021-04-15 16:28:55,6874209.0,6873788.0,2021-04-15 16:28:55.910
2021-04-15 16:28:56,6874209.0,6873788.0,2021-04-15 16:28:56.916
2021-04-15 16:28:57,6874209.0,6873788.0,2021-04-15 16:28:57.922
2021-04-15 16:28:58,6874209.0,6873788.0,2021-04-15 16:28:58.961
2021-04-15 16:29:00,6874209.0,6873788.0,2021-04-15 16:28:59.997
2021-04-15 16:29:01,6874209.0,6873788.0,2021-04-15 16:29:01.013
2021-04-15 16:29:02,6874209.0,6873788.0,2021-04-15 16:29:02.035
2021-04-15 16:29:03,6874209.0,6873788.0,2021-04-15 16:29:03.042
2021-04-15 16:29:04,6874209.0,6873788.0,2021-04-15 16:29:04.053
2021-04-15 16:29:05,6874209.0,6873788.0,2021-04-15 16:29:05.114
2021-04-15 16:29:06,6874209.0,6873788.0,2021-04-15 16:29:06.162
2021-04-15 16:29:07,6874209.0,6873788.0,2021-04-15 16:29:07.245
2021-04-15 16:29:08,6874209.0,6873788.0,2021-04-15 16:29:08.278
2021-04-15 16:29:09,6874994.0,6873788.0,2021-04-15 16:29:09.306
2021-04-15 16:29:10,6874994.0,6873788.0,2021-04-15 16:29:10.314
2021-04-15 16:29:11,6874994.0,6873788.0,2021-04-15 16:29:11.332
2021-04-15 16:29:12,6874994.0,6875467.0,2021-04-15 16:29:12.413
2021-04-15 16:29:13,6874994.0,6876134.0,2021-04-15 16:29:13.437
2021-04-15 16:29:14,6874994.0,6876134.0,2021-04-15 16:29:14.498
2021-04-15 16:29:15,6874994.0,6876134.0,2021-04-15 16:29:15.514
2021-04-15 16:29:16,6874994.0,6876134.0,2021-04-15 16:29:16.637
2021-04-15 16:29:17,6874994.0,6876134.0,2021-04-15 16:29:17.647
2021-04-15 16:29:18,6874994.0,6876134.0,2021-04-15 16:29:18.679
2021-04-15 16:29:19,6874994.0,6876134.0,2021-04-15 16:29:19.731
2021-04-15 16:29:20,6874994.0,6876134.0,2021-04-15 16:29:20.744
2021-04-15 16:29:21,6874994.0,6876134.0,2021-04-15 16:29:21.874
2021-04-15 16:29:22,6874994.0,6876134.0,2021-04-15 16:29:22.946
2021-04-15 16:29:24,6877505.0,6876134.0,2021-04-15 16:29:24.031
2021-04-15 16:29:25,6877505.0,6876134.0,2021-04-15 16:29:25.071
2021-04-15 16:29:26,6877505.0,6876134.0,2021-04-15 16:29:26.082
2021-04-15 16:29:27,6877505.0,6876134.0,2021-04-15 16:29:27.122
2021-04-15 16:29:28,6877505.0,6876134.0,2021-04-15 16:29:28.803
2021-04-15 16:29:29,6877505.0,6876134.0,2021-04-15 16:29:29.809
2021-04-15 16:29:30,6877505.0,6876134.0,2021-04-15 16:29:30.860
2021-04-15 16:29:32,6877505.0,6876134.0,2021-04-15 16:29:32.018
2021-04-15 16:29:33,6877505.0,6876134.0,2021-04-15 16:29:33.024
2021-04-15 16:29:34,6877505.0,6876134.0,2021-04-15 16:29:34.065
2021-04-15 16:29:35,6877505.0,6876134.0,2021-04-15 16:29:35.088
2021-04-15 16:29:36,6877505.0,6876134.0,2021-04-15 16:29:36.135
2021-04-15 16:29:37,6877505.0,6876134.0,2021-04-15 16:29:37.175
2021-04-15 16:29:38,6877505.0,6876134.0,2021-04-15 16:29:38.315
2021-04-15 16:29:39,6877505.0,6874214.0,2021-04-15 16:29:39.334
2021-04-15 16:29:40,6877505.0,6874214.0,2021-04-15 16:29:40.345
2021-04-15 16:29:41,6877505.0,6874214.0,2021-04-15 16:29:41.353
2021-04-15 16:29:42,6877505.0,6874214.0,2021-04-15 16:29:42.393
2021-04-15 16:29:43,6877505.0,6874214.0,2021-04-15 16:29:43.451
2021-04-15 16:29:44,6877505.0,6874214.0,2021-04-15 16:29:44.478
2021-04-15 16:29:45,6877505.0,6874214.0,2021-04-15 16:29:45.586
2021-04-15 16:29:46,6877505.0,6874214.0,2021-04-15 16:29:46.593
2021-04-15 16:29:47,6877505.0,6874214.0,2021-04-15 16:29:47.639
2021-04-15 16:29:48,6877505.0,6874214.0,2021-04-15 16:29:48.739
2021-04-15 16:29:49,6877505.0,6874214.0,2021-04-15 16:29:49.761
2021-04-15 16:29:50,6877505.0,6874214.0,2021-04-15 16:29:50.800
2021-04-15 16:29:51,6877505.0,6874214.0,2021-04-15 16:29:51.834
2021-04-15 16:29:52,6877505.0,6874214.0,2021-04-15 16:29:52.851
2021-04-15 16:29:53,6877505.0,6874214.0,2021-04-15 16:29:53.901
2021-04-15 16:29:54,6877505.0,6874214.0,2021-04-15 16:29:54.968
2021-04-15 16:29:56,6877505.0,6874214.0,2021-04-15 16:29:56.005
2021-04-15 16:29:57,6877505.0,6874214.0,2021-04-15 16:29:57.085
2021-04-15 16:29:58,6877505.0,6874214.0,2021-04-15 16:29:58.131
2021-04-15 16:29:59,6877505.0,6874214.0,2021-04-15 16:29:59.192
2021-04-15 16:30:00,6877505.0,6874214.0,2021-04-15 16:30:00.200
2021-04-15 16:30:01,6877505.0,6874214.0,2021-04-15 16:30:01.254
2021-04-15 16:30:02,6877505.0,6874214.0,2021-04-15 16:30:02.287
2021-04-15 16:30:03,6877505.0,6874214.0,2021-04-15 16:30:03.331
2021-04-15 16:30:04,6877505.0,6877426.0,2021-04-15 16:30:04.378
2021-04-15 16:30:05,6877505.0,6877426.0,2021-04-15 16:30:05.409
2021-04-15 16:30:06,6877505.0,6877426.0,2021-04-15 16:30:06.470
2021-04-15 16:30:07,6877505.0,6877521.0,2021-04-15 16:30:07.480
2021-04-15 16:30:08,6877505.0,6877521.0,2021-04-15 16:30:08.642
2021-04-15 16:30:09,6878300.0,6877521.0,2021-04-15 16:30:09.660
2021-04-15 16:30:10,6878300.0,6877521.0,2021-04-15 16:30:10.670
2021-04-15 16:30:11,6878300.0,6877521.0,2021-04-15 16:30:11.718
2021-04-15 16:30:12,6878300.0,6877521.0,2021-04-15 16:30:12.763
2021-04-15 16:30:13,6878300.0,6877521.0,2021-04-15 16:30:13.784
2021-04-15 16:30:14,6878300.0,6877521.0,2021-04-15 16:30:14.849
2021-04-15 16:30:15,6878300.0,6877521.0,2021-04-15 16:30:15.880
2021-04-15 16:30:16,6878300.0,6877521.0,2021-04-15 16:30:16.928
2021-04-15 16:30:17,6878300.0,6877521.0,2021-04-15 16:30:17.963
2021-04-15 16:30:19,6878300.0,6877521.0,2021-04-15 16:30:19.008
2021-04-15 16:30:20,6878300.0,6877521.0,2021-04-15 16:30:20.046
2021-04-15 16:30:21,6878300.0,6877521.0,2021-04-15 16:30:21.063
2021-04-15 16:30:22,6878300.0,6877521.0,2021-04-15 16:30:22.113
2021-04-15 16:30:23,6878300.0,6877521.0,2021-04-15 16:30:23.122
2021-04-15 16:30:24,6878300.0,6877521.0,2021-04-15 16:30:24.138
2021-04-15 16:30:25,6878300.0,6877521.0,2021-04-15 16:30:25.154
2021-04-15 16:30:26,6878300.0,6877521.0,2021-04-15 16:30:26.165
2021-04-15 16:30:27,6878300.0,6877521.0,2021-04-15 16:30:27.217
2021-04-15 16:30:28,6878300.0,6877521.0,2021-04-15 16:30:28.236
2021-04-15 16:30:29,6878300.0,6877521.0,2021-04-15 16:30:29.309
2021-04-15 16:30:30,6878300.0,6877521.0,2021-04-15 16:30:30.370
2021-04-15 16:30:31,6878300.0,6877521.0,2021-04-15 16:30:31.429
2021-04-15 16:30:32,6878300.0,6877521.0,2021-04-15 16:30:32.596
2021-04-15 16:30:33,6878300.0,6877521.0,2021-04-15 16:30:33.622
2021-04-15 16:30:34,6878300.0,6877521.0,2021-04-15 16:30:34.646
2021-04-15 16:30:35,6878300.0,6877521.0,2021-04-15 16:30:35.672
2021-04-15 16:30:36,6878300.0,6877521.0,2021-04-15 16:30:36.700
2021-04-15 16:30:37,6878300.0,6877521.0,2021-04-15 16:30:37.720
2021-04-15 16:30:38,6878300.0,6877521.0,2021-04-15 16:30:38.775
2021-04-15 16:30:39,6878299.0,6877521.0,2021-04-15 16:30:39.813
2021-04-15 16:30:40,6878299.0,6877521.0,2021-04-15 16:30:40.848
2021-04-15 16:30:41,6878299.0,6877521.0,2021-04-15 16:30:41.862
2021-04-15 16:30:42,6878299.0,6877521.0,2021-04-15 16:30:42.876
2021-04-15 16:30:43,6878299.0,6877521.0,2021-04-15 16:30:43.890
2021-04-15 16:30:44,6878299.0,6877521.0,2021-04-15 16:30:44.908
2021-04-15 16:30:45,6878299.0,6877521.0,2021-04-15 16:30:45.928
2021-04-15 16:30:46,6878299.0,6877521.0,2021-04-15 16:30:46.975
2021-04-15 16:30:48,6878299.0,6877521.0,2021-04-15 16:30:48.047
2021-04-15 16:30:49,6878299.0,6877521.0,2021-04-15 16:30:49.063
2021-04-15 16:30:50,6878299.0,6877521.0,2021-04-15 16:30:50.091
2021-04-15 16:30:51,6878299.0,6877521.0,2021-04-15 16:30:51.100
2021-04-15 16:30:52,6878299.0,6877521.0,2021-04-15 16:30:52.150
2021-04-15 16:30:53,6878299.0,6877521.0,2021-04-15 16:30:53.186
2021-04-15 16:30:54,6878299.0,6877402.0,2021-04-15 16:30:54.293
2021-04-15 16:30:55,6878299.0,6877402.0,2021-04-15 16:30:55.316
2021-04-15 16:30:56,6878299.0,6877402.0,2021-04-15 16:30:56.321
2021-04-15 16:30:57,6878299.0,6877402.0,2021-04-15 16:30:57.335
2021-04-15 16:30:58,6878299.0,6877402.0,2021-04-15 16:30:58.350
2021-04-15 16:30:59,6878299.0,6877402.0,2021-04-15 16:30:59.388
2021-04-15 16:31:00,6878299.0,6877402.0,2021-04-15 16:31:00.471
2021-04-15 16:31:01,6878299.0,6877402.0,2021-04-15 16:31:01.495
2021-04-15 16:31:02,6869241.0,6877402.0,2021-04-15 16:31:02.553
2021-04-15 16:31:03,6869241.0,6877402.0,2021-04-15 16:31:03.611
2021-04-15 16:31:04,6869241.0,6877402.0,2021-04-15 16:31:04.617
2021-04-15 16:31:05,6869241.0,6877402.0,2021-04-15 16:31:05.624
2021-04-15 16:31:06,6869241.0,6877402.0,2021-04-15 16:31:06.628
2021-04-15 16:31:07,6869241.0,6877402.0,2021-04-15 16:31:07.668
2021-04-15 16:31:08,6869241.0,6877402.0,2021-04-15 16:31:08.677
2021-04-15 16:31:09,6869999.0,6870000.0,2021-04-15 16:31:09.702
2021-04-15 16:31:10,6869999.0,6870000.0,2021-04-15 16:31:10.720
2021-04-15 16:31:11,6869999.0,6870000.0,2021-04-15 16:31:11.781
2021-04-15 16:31:12,6869999.0,6870000.0,2021-04-15 16:31:12.805
2021-04-15 16:31:13,6869999.0,6870000.0,2021-04-15 16:31:13.822
2021-04-15 16:31:14,6869999.0,6870000.0,2021-04-15 16:31:14.835
2021-04-15 16:31:15,6869999.0,6870000.0,2021-04-15 16:31:15.855
2021-04-15 16:31:16,6869999.0,6870000.0,2021-04-15 16:31:16.942
2021-04-15 16:31:17,6869999.0,6870000.0,2021-04-15 16:31:17.960
2021-04-15 16:31:18,6869999.0,6870000.0,2021-04-15 16:31:18.978
2021-04-15 16:31:20,6869999.0,6870000.0,2021-04-15 16:31:20.067
2021-04-15 16:31:21,6869999.0,6870000.0,2021-04-15 16:31:21.073
2021-04-15 16:31:22,6869999.0,6870000.0,2021-04-15 16:31:22.125
2021-04-15 16:31:23,6869999.0,6870000.0,2021-04-15 16:31:23.144
2021-04-15 16:31:24,6869999.0,6870000.0,2021-04-15 16:31:24.174
2021-04-15 16:31:25,6869999.0,6870000.0,2021-04-15 16:31:25.219
2021-04-15 16:31:26,6869999.0,6870000.0,2021-04-15 16:31:26.233
2021-04-15 16:31:27,6869999.0,6870000.0,2021-04-15 16:31:27.266
2021-04-15 16:31:28,6869999.0,6870000.0,2021-04-15 16:31:28.293
2021-04-15 16:31:29,6869999.0,6870000.0,2021-04-15 16:31:29.300
2021-04-15 16:31:30,6869997.0,6870000.0,2021-04-15 16:31:30.324
2021-04-15 16:31:31,6869997.0,6870000.0,2021-04-15 16:31:31.400
2021-04-15 16:31:32,6869997.0,6870000.0,2021-04-15 16:31:32.407
2021-04-15 16:31:33,6869997.0,6870000.0,2021-04-15 16:31:33.418
2021-04-15 16:31:34,6869997.0,6870000.0,2021-04-15 16:31:34.439
2021-04-15 16:31:35,6869997.0,6870000.0,2021-04-15 16:31:35.445
2021-04-15 16:31:36,6869997.0,6870000.0,2021-04-15 16:31:36.471
2021-04-15 16:31:37,6869997.0,6870000.0,2021-04-15 16:31:37.487
2021-04-15 16:31:38,6869997.0,6870000.0,2021-04-15 16:31:38.527
2021-04-15 16:31:39,6869997.0,6869901.0,2021-04-15 16:31:39.554
2021-04-15 16:31:40,6869383.0,6869901.0,2021-04-15 16:31:40.614
2021-04-15 16:31:41,6869383.0,6869901.0,2021-04-15 16:31:41.642
2021-04-15 16:31:42,6869383.0,6869901.0,2021-04-15 16:31:42.649
2021-04-15 16:31:43,6869383.0,6869901.0,2021-04-15 16:31:43.672
2021-04-15 16:31:44,6869383.0,6869901.0,2021-04-15 16:31:44.687
2021-04-15 16:31:45,6869383.0,6869901.0,2021-04-15 16:31:45.711
2021-04-15 16:31:46,6869383.0,6869901.0,2021-04-15 16:31:46.720
2021-04-15 16:31:47,6869383.0,6869901.0,2021-04-15 16:31:47.738
2021-04-15 16:31:48,6869383.0,6869901.0,2021-04-15 16:31:48.803
2021-04-15 16:31:49,6869383.0,6869901.0,2021-04-15 16:31:49.828
2021-04-15 16:31:50,6869383.0,6869901.0,2021-04-15 16:31:50.836
2021-04-15 16:31:51,6869383.0,6869901.0,2021-04-15 16:31:51.852
2021-04-15 16:31:52,6869383.0,6869901.0,2021-04-15 16:31:52.886
2021-04-15 16:31:53,6869383.0,6869132.0,2021-04-15 16:31:53.889
2021-04-15 16:31:55,6869383.0,6869132.0,2021-04-15 16:31:55.020
2021-04-15 16:31:56,6869383.0,6869132.0,2021-04-15 16:31:56.026
2021-04-15 16:31:57,6869383.0,6869132.0,2021-04-15 16:31:57.030
2021-04-15 16:31:58,6869383.0,6869132.0,2021-04-15 16:31:58.043
2021-04-15 16:31:59,6869383.0,6869132.0,2021-04-15 16:31:59.081
2021-04-15 16:32:00,6869383.0,6869132.0,2021-04-15 16:32:00.202
2021-04-15 16:32:01,6869383.0,6869132.0,2021-04-15 16:32:01.225
2021-04-15 16:32:02,6869383.0,6869132.0,2021-04-15 16:32:02.271
2021-04-15 16:32:03,6869383.0,6869132.0,2021-04-15 16:32:03.300
2021-04-15 16:32:04,6869383.0,6869132.0,2021-04-15 16:32:04.464
2021-04-15 16:32:05,6869383.0,6869132.0,2021-04-15 16:32:05.474
2021-04-15 16:32:06,6869383.0,6869132.0,2021-04-15 16:32:06.489
2021-04-15 16:32:07,6869383.0,6869132.0,2021-04-15 16:32:07.546
2021-04-15 16:32:08,6869383.0,6869132.0,2021-04-15 16:32:08.592
2021-04-15 16:32:09,6869383.0,6869132.0,2021-04-15 16:32:09.625
2021-04-15 16:32:10,6869383.0,6869132.0,2021-04-15 16:32:10.727
2021-04-15 16:32:11,6869383.0,6869132.0,2021-04-15 16:32:11.778
2021-04-15 16:32:12,6869383.0,6869132.0,2021-04-15 16:32:12.787
2021-04-15 16:32:13,6869383.0,6869132.0,2021-04-15 16:32:13.841
2021-04-15 16:32:14,6869383.0,6869132.0,2021-04-15 16:32:14.864
2021-04-15 16:32:15,6869383.0,6869132.0,2021-04-15 16:32:15.912
2021-04-15 16:32:16,6869383.0,6869132.0,2021-04-15 16:32:16.960
2021-04-15 16:32:18,6869383.0,6869132.0,2021-04-15 16:32:18.102
2021-04-15 16:32:19,6869383.0,6869132.0,2021-04-15 16:32:19.127
2021-04-15 16:32:20,6869383.0,6869132.0,2021-04-15 16:32:20.222
2021-04-15 16:32:21,6869383.0,6869132.0,2021-04-15 16:32:21.233
2021-04-15 16:32:22,6869383.0,6869132.0,2021-04-15 16:32:22.240
2021-04-15 16:32:23,6869383.0,6869132.0,2021-04-15 16:32:23.270
2021-04-15 16:32:24,6869383.0,6869132.0,2021-04-15 16:32:24.305
2021-04-15 16:32:25,6869383.0,6869132.0,2021-04-15 16:32:25.314
2021-04-15 16:32:26,6869383.0,6869132.0,2021-04-15 16:32:26.324
2021-04-15 16:32:27,6869383.0,6869132.0,2021-04-15 16:32:27.342
2021-04-15 16:32:28,6869383.0,6869132.0,2021-04-15 16:32:28.364
2021-04-15 16:32:29,6869383.0,6869132.0,2021-04-15 16:32:29.412
2021-04-15 16:32:30,6869383.0,6869132.0,2021-04-15 16:32:30.421
2021-04-15 16:32:31,6869383.0,6869132.0,2021-04-15 16:32:31.459
2021-04-15 16:32:32,6869383.0,6869132.0,2021-04-15 16:32:32.502
2021-04-15 16:32:33,6869383.0,6869132.0,2021-04-15 16:32:33.521
2021-04-15 16:32:34,6869383.0,6869132.0,2021-04-15 16:32:34.551
2021-04-15 16:32:35,6869383.0,6869132.0,2021-04-15 16:32:35.578
2021-04-15 16:32:36,6869383.0,6869132.0,2021-04-15 16:32:36.601
2021-04-15 16:32:37,6869383.0,6869132.0,2021-04-15 16:32:37.616
2021-04-15 16:32:38,6869383.0,6869132.0,2021-04-15 16:32:38.712
2021-04-15 16:32:39,6869383.0,6869132.0,2021-04-15 16:32:39.724
2021-04-15 16:32:40,6869383.0,6869132.0,2021-04-15 16:32:40.756
2021-04-15 16:32:41,6869383.0,6869132.0,2021-04-15 16:32:41.778
2021-04-15 16:32:42,6869383.0,6869132.0,2021-04-15 16:32:42.794
2021-04-15 16:32:43,6869131.0,6869132.0,2021-04-15 16:32:43.833
2021-04-15 16:32:44,6869131.0,6869132.0,2021-04-15 16:32:44.877
2021-04-15 16:32:45,6869131.0,6869132.0,2021-04-15 16:32:45.977
2021-04-15 16:32:47,6869131.0,6869132.0,2021-04-15 16:32:47.180
2021-04-15 16:32:48,6869131.0,6869132.0,2021-04-15 16:32:48.211
2021-04-15 16:32:49,6869131.0,6869132.0,2021-04-15 16:32:49.233
2021-04-15 16:32:50,6869131.0,6869132.0,2021-04-15 16:32:50.328
2021-04-15 16:32:51,6869131.0,6869132.0,2021-04-15 16:32:51.345
2021-04-15 16:32:52,6869131.0,6869132.0,2021-04-15 16:32:52.393
2021-04-15 16:32:53,6869131.0,6869132.0,2021-04-15 16:32:53.415
2021-04-15 16:32:54,6869046.0,6869132.0,2021-04-15 16:32:54.423
2021-04-15 16:32:55,6869046.0,6869132.0,2021-04-15 16:32:55.438
2021-04-15 16:32:56,6869046.0,6869132.0,2021-04-15 16:32:56.478
2021-04-15 16:32:57,6869046.0,6869132.0,2021-04-15 16:32:57.519
2021-04-15 16:32:58,6869046.0,6869132.0,2021-04-15 16:32:58.542
2021-04-15 16:32:59,6869046.0,6869132.0,2021-04-15 16:32:59.588
2021-04-15 16:33:00,6869046.0,6869132.0,2021-04-15 16:33:00.593
2021-04-15 16:33:01,6869046.0,6869132.0,2021-04-15 16:33:01.611
2021-04-15 16:33:02,6869046.0,6869132.0,2021-04-15 16:33:02.637
2021-04-15 16:33:03,6869046.0,6869132.0,2021-04-15 16:33:03.646
2021-04-15 16:33:04,6869046.0,6869132.0,2021-04-15 16:33:04.696
2021-04-15 16:33:05,6869046.0,6869132.0,2021-04-15 16:33:05.701
2021-04-15 16:33:06,6869046.0,6869132.0,2021-04-15 16:33:06.709
2021-04-15 16:33:07,6869046.0,6869132.0,2021-04-15 16:33:07.742
2021-04-15 16:33:08,6869046.0,6869132.0,2021-04-15 16:33:08.753
2021-04-15 16:33:09,6869046.0,6867700.0,2021-04-15 16:33:09.784
2021-04-15 16:33:10,6869046.0,6867700.0,2021-04-15 16:33:10.798
2021-04-15 16:33:11,6869046.0,6867700.0,2021-04-15 16:33:11.880
2021-04-15 16:33:12,6867242.0,6867700.0,2021-04-15 16:33:12.978
2021-04-15 16:33:14,6867242.0,6867700.0,2021-04-15 16:33:14.000
2021-04-15 16:33:15,6865177.0,6867700.0,2021-04-15 16:33:15.058
2021-04-15 16:33:16,6865177.0,6867700.0,2021-04-15 16:33:16.064
2021-04-15 16:33:17,6865177.0,6867700.0,2021-04-15 16:33:17.069
2021-04-15 16:33:18,6865177.0,6867700.0,2021-04-15 16:33:18.125
2021-04-15 16:33:19,6865177.0,6867700.0,2021-04-15 16:33:19.130
2021-04-15 16:33:20,6865177.0,6867700.0,2021-04-15 16:33:20.144
2021-04-15 16:33:21,6865177.0,6867700.0,2021-04-15 16:33:21.168
2021-04-15 16:33:22,6865177.0,6867700.0,2021-04-15 16:33:22.185
2021-04-15 16:33:23,6865177.0,6867700.0,2021-04-15 16:33:23.219
2021-04-15 16:33:24,6865177.0,6865010.0,2021-04-15 16:33:24.235
2021-04-15 16:33:25,6865177.0,6865010.0,2021-04-15 16:33:25.249
2021-04-15 16:33:26,6865177.0,6865010.0,2021-04-15 16:33:26.280
2021-04-15 16:33:27,6865177.0,6865010.0,2021-04-15 16:33:27.295
2021-04-15 16:33:28,6865177.0,6865010.0,2021-04-15 16:33:28.346
2021-04-15 16:33:29,6865177.0,6865010.0,2021-04-15 16:33:29.358
2021-04-15 16:33:30,6865177.0,6865010.0,2021-04-15 16:33:30.364
2021-04-15 16:33:31,6865177.0,6865010.0,2021-04-15 16:33:31.384
2021-04-15 16:33:32,6865177.0,6865010.0,2021-04-15 16:33:32.473
2021-04-15 16:33:33,6865177.0,6865010.0,2021-04-15 16:33:33.493
2021-04-15 16:33:34,6865177.0,6865010.0,2021-04-15 16:33:34.516
2021-04-15 16:33:35,6865177.0,6865010.0,2021-04-15 16:33:35.529
2021-04-15 16:33:36,6864902.0,6865010.0,2021-04-15 16:33:36.596
2021-04-15 16:33:37,6864902.0,6865010.0,2021-04-15 16:33:37.602
2021-04-15 16:33:38,6864902.0,6865010.0,2021-04-15 16:33:38.699
2021-04-15 16:33:39,6865009.0,6865010.0,2021-04-15 16:33:39.707
2021-04-15 16:33:40,6865009.0,6865010.0,2021-04-15 16:33:40.779
2021-04-15 16:33:41,6865009.0,6865010.0,2021-04-15 16:33:41.821
2021-04-15 16:33:42,6865009.0,6865010.0,2021-04-15 16:33:42.848
2021-04-15 16:33:43,6865009.0,6865010.0,2021-04-15 16:33:43.865
2021-04-15 16:33:44,6865009.0,6865010.0,2021-04-15 16:33:44.919
2021-04-15 16:33:45,6864902.0,6865010.0,2021-04-15 16:33:45.964
2021-04-15 16:33:46,6864902.0,6865010.0,2021-04-15 16:33:46.987
2021-04-15 16:33:48,6864902.0,6865010.0,2021-04-15 16:33:48.030
2021-04-15 16:33:49,6864902.0,6865010.0,2021-04-15 16:33:49.071
2021-04-15 16:33:50,6864902.0,6865010.0,2021-04-15 16:33:50.093
2021-04-15 16:33:51,6864902.0,6865010.0,2021-04-15 16:33:51.115
2021-04-15 16:33:52,6864902.0,6865010.0,2021-04-15 16:33:52.144
2021-04-15 16:33:53,6864902.0,6865010.0,2021-04-15 16:33:53.171
2021-04-15 16:33:54,6864902.0,6864011.0,2021-04-15 16:33:54.254
2021-04-15 16:33:55,6864902.0,6864011.0,2021-04-15 16:33:55.416
2021-04-15 16:33:56,6864902.0,6864011.0,2021-04-15 16:33:56.423
2021-04-15 16:33:57,6864902.0,6864011.0,2021-04-15 16:33:57.457
2021-04-15 16:33:58,6864902.0,6864011.0,2021-04-15 16:33:58.547
2021-04-15 16:33:59,6864902.0,6864011.0,2021-04-15 16:33:59.591
2021-04-15 16:34:00,6864902.0,6864011.0,2021-04-15 16:34:00.605
2021-04-15 16:34:01,6864902.0,6864011.0,2021-04-15 16:34:01.617
2021-04-15 16:34:02,6864902.0,6864011.0,2021-04-15 16:34:02.676
2021-04-15 16:34:03,6860194.0,6864011.0,2021-04-15 16:34:03.819
2021-04-15 16:34:04,6860194.0,6864011.0,2021-04-15 16:34:04.835
2021-04-15 16:34:05,6860194.0,6864011.0,2021-04-15 16:34:05.858
2021-04-15 16:34:06,6860194.0,6864011.0,2021-04-15 16:34:06.862
2021-04-15 16:34:07,6860194.0,6864011.0,2021-04-15 16:34:07.880
2021-04-15 16:34:08,6862259.0,6863246.0,2021-04-15 16:34:08.911
2021-04-15 16:34:09,6862259.0,6863246.0,2021-04-15 16:34:09.941
2021-04-15 16:34:10,6862259.0,6863246.0,2021-04-15 16:34:10.981
2021-04-15 16:34:12,6862259.0,6863246.0,2021-04-15 16:34:12.004
2021-04-15 16:34:13,6862259.0,6863246.0,2021-04-15 16:34:13.041
2021-04-15 16:34:14,6862259.0,6863246.0,2021-04-15 16:34:14.093
2021-04-15 16:34:15,6862259.0,6863246.0,2021-04-15 16:34:15.152
2021-04-15 16:34:16,6862259.0,6863246.0,2021-04-15 16:34:16.193
2021-04-15 16:34:17,6862259.0,6863246.0,2021-04-15 16:34:17.212
2021-04-15 16:34:18,6862259.0,6863246.0,2021-04-15 16:34:18.222
2021-04-15 16:34:19,6862259.0,6863246.0,2021-04-15 16:34:19.237
2021-04-15 16:34:20,6862259.0,6863246.0,2021-04-15 16:34:20.262
2021-04-15 16:34:21,6862259.0,6863246.0,2021-04-15 16:34:21.280
2021-04-15 16:34:22,6862259.0,6863246.0,2021-04-15 16:34:22.302
2021-04-15 16:34:23,6862259.0,6863246.0,2021-04-15 16:34:23.343
2021-04-15 16:34:24,6863157.0,6863158.0,2021-04-15 16:34:24.379
2021-04-15 16:34:25,6863157.0,6863158.0,2021-04-15 16:34:25.439
2021-04-15 16:34:26,6863157.0,6863158.0,2021-04-15 16:34:26.503
2021-04-15 16:34:27,6863157.0,6863158.0,2021-04-15 16:34:27.532
2021-04-15 16:34:28,6863157.0,6863158.0,2021-04-15 16:34:28.556
2021-04-15 16:34:29,6863157.0,6863158.0,2021-04-15 16:34:29.653
2021-04-15 16:34:30,6863157.0,6863158.0,2021-04-15 16:34:30.699
2021-04-15 16:34:31,6863157.0,6863158.0,2021-04-15 16:34:31.702
2021-04-15 16:34:32,6863157.0,6863158.0,2021-04-15 16:34:32.737
2021-04-15 16:34:33,6863157.0,6863158.0,2021-04-15 16:34:33.762
2021-04-15 16:34:34,6863157.0,6863158.0,2021-04-15 16:34:34.833
2021-04-15 16:34:35,6863157.0,6863158.0,2021-04-15 16:34:35.877
2021-04-15 16:34:36,6863157.0,6863158.0,2021-04-15 16:34:36.895
2021-04-15 16:34:38,6863157.0,6863158.0,2021-04-15 16:34:38.064
2021-04-15 16:34:39,6863157.0,6863158.0,2021-04-15 16:34:39.071
2021-04-15 16:34:40,6863157.0,6863158.0,2021-04-15 16:34:40.083
2021-04-15 16:34:41,6863157.0,6863158.0,2021-04-15 16:34:41.108
2021-04-15 16:34:42,6863157.0,6863158.0,2021-04-15 16:34:42.127
2021-04-15 16:34:43,6863157.0,6863158.0,2021-04-15 16:34:43.146
2021-04-15 16:34:44,6863157.0,6863158.0,2021-04-15 16:34:44.205
2021-04-15 16:34:45,6863157.0,6863158.0,2021-04-15 16:34:45.211
2021-04-15 16:34:46,6863157.0,6863158.0,2021-04-15 16:34:46.233
2021-04-15 16:34:47,6863157.0,6863158.0,2021-04-15 16:34:47.241
2021-04-15 16:34:48,6863157.0,6863158.0,2021-04-15 16:34:48.268
2021-04-15 16:34:49,6863157.0,6863158.0,2021-04-15 16:34:49.273
2021-04-15 16:34:50,6863157.0,6863158.0,2021-04-15 16:34:50.292
2021-04-15 16:34:51,6863157.0,6863158.0,2021-04-15 16:34:51.317
2021-04-15 16:34:52,6863157.0,6863158.0,2021-04-15 16:34:52.325
2021-04-15 16:34:53,6863157.0,6863158.0,2021-04-15 16:34:53.330
2021-04-15 16:34:54,6863157.0,6863158.0,2021-04-15 16:34:54.427
2021-04-15 16:34:55,6863157.0,6863158.0,2021-04-15 16:34:55.537
2021-04-15 16:34:56,6863157.0,6863158.0,2021-04-15 16:34:56.553
2021-04-15 16:34:57,6863157.0,6863158.0,2021-04-15 16:34:57.584
2021-04-15 16:34:58,6863157.0,6863158.0,2021-04-15 16:34:58.610
2021-04-15 16:34:59,6863157.0,6863158.0,2021-04-15 16:34:59.684
2021-04-15 16:35:00,6863157.0,6863158.0,2021-04-15 16:35:00.709
2021-04-15 16:35:01,6863157.0,6863158.0,2021-04-15 16:35:01.722
2021-04-15 16:35:02,6863157.0,6863158.0,2021-04-15 16:35:02.751
2021-04-15 16:35:03,6863157.0,6863158.0,2021-04-15 16:35:03.769
2021-04-15 16:35:04,6863157.0,6863158.0,2021-04-15 16:35:04.786
2021-04-15 16:35:05,6863157.0,6863158.0,2021-04-15 16:35:05.791
2021-04-15 16:35:06,6863157.0,6863158.0,2021-04-15 16:35:06.858
2021-04-15 16:35:07,6863157.0,6863158.0,2021-04-15 16:35:07.976
2021-04-15 16:35:08,6863157.0,6863158.0,2021-04-15 16:35:08.984
2021-04-15 16:35:10,6863157.0,6863158.0,2021-04-15 16:35:09.995
2021-04-15 16:35:11,6863157.0,6863158.0,2021-04-15 16:35:11.034
2021-04-15 16:35:12,6863157.0,6863158.0,2021-04-15 16:35:12.047
2021-04-15 16:35:13,6863157.0,6863158.0,2021-04-15 16:35:13.080
2021-04-15 16:35:14,6863157.0,6863158.0,2021-04-15 16:35:14.164
2021-04-15 16:35:15,6863157.0,6863158.0,2021-04-15 16:35:15.192
2021-04-15 16:35:16,6863157.0,6863158.0,2021-04-15 16:35:16.214
2021-04-15 16:35:17,6863157.0,6863158.0,2021-04-15 16:35:17.245
2021-04-15 16:35:18,6863157.0,6863158.0,2021-04-15 16:35:18.252
2021-04-15 16:35:19,6863157.0,6863158.0,2021-04-15 16:35:19.282
2021-04-15 16:35:20,6863157.0,6863158.0,2021-04-15 16:35:20.307
2021-04-15 16:35:21,6863157.0,6863158.0,2021-04-15 16:35:21.326
2021-04-15 16:35:22,6863157.0,6863158.0,2021-04-15 16:35:22.347
2021-04-15 16:35:23,6863157.0,6863158.0,2021-04-15 16:35:23.377
2021-04-15 16:35:24,6863157.0,6863158.0,2021-04-15 16:35:24.394
2021-04-15 16:35:25,6863157.0,6863158.0,2021-04-15 16:35:25.411
2021-04-15 16:35:26,6863157.0,6863158.0,2021-04-15 16:35:26.445
2021-04-15 16:35:27,6863157.0,6863158.0,2021-04-15 16:35:27.659
2021-04-15 16:35:28,6863157.0,6863158.0,2021-04-15 16:35:28.711
2021-04-15 16:35:29,6863157.0,6863158.0,2021-04-15 16:35:29.729
2021-04-15 16:35:30,6863157.0,6863158.0,2021-04-15 16:35:30.749
2021-04-15 16:35:31,6863157.0,6863158.0,2021-04-15 16:35:31.757
2021-04-15 16:35:32,6863157.0,6863158.0,2021-04-15 16:35:32.772
2021-04-15 16:35:33,6863157.0,6863158.0,2021-04-15 16:35:33.780
2021-04-15 16:35:34,6863157.0,6863158.0,2021-04-15 16:35:34.847
2021-04-15 16:35:35,6863157.0,6863158.0,2021-04-15 16:35:35.858
2021-04-15 16:35:36,6863157.0,6863158.0,2021-04-15 16:35:36.871
2021-04-15 16:35:37,6863157.0,6863158.0,2021-04-15 16:35:37.895
2021-04-15 16:35:38,6863157.0,6863158.0,2021-04-15 16:35:38.918
2021-04-15 16:35:39,6860001.0,6860002.0,2021-04-15 16:35:39.931
2021-04-15 16:35:40,6860001.0,6860002.0,2021-04-15 16:35:40.959
2021-04-15 16:35:41,6860001.0,6860002.0,2021-04-15 16:35:41.981
2021-04-15 16:35:43,6860001.0,6860002.0,2021-04-15 16:35:43.023
2021-04-15 16:35:44,6860001.0,6860002.0,2021-04-15 16:35:44.038
2021-04-15 16:35:45,6860001.0,6860002.0,2021-04-15 16:35:45.056
2021-04-15 16:35:46,6860001.0,6860002.0,2021-04-15 16:35:46.128
2021-04-15 16:35:47,6860001.0,6860002.0,2021-04-15 16:35:47.135
2021-04-15 16:35:48,6860001.0,6860002.0,2021-04-15 16:35:48.164
2021-04-15 16:35:49,6860001.0,6860002.0,2021-04-15 16:35:49.207
2021-04-15 16:35:50,6860001.0,6860002.0,2021-04-15 16:35:50.221
2021-04-15 16:35:51,6860001.0,6860002.0,2021-04-15 16:35:51.320
2021-04-15 16:35:52,6860001.0,6860002.0,2021-04-15 16:35:52.339
2021-04-15 16:35:53,6860001.0,6860002.0,2021-04-15 16:35:53.346
2021-04-15 16:35:54,6860001.0,6860001.0,2021-04-15 16:35:54.351
2021-04-15 16:35:55,6860001.0,6860001.0,2021-04-15 16:35:55.368
2021-04-15 16:35:56,6860001.0,6860001.0,2021-04-15 16:35:56.377
2021-04-15 16:35:57,6860001.0,6860001.0,2021-04-15 16:35:57.408
2021-04-15 16:35:58,6860001.0,6860001.0,2021-04-15 16:35:58.421
2021-04-15 16:35:59,6860001.0,6860001.0,2021-04-15 16:35:59.528
2021-04-15 16:36:00,6860001.0,6860001.0,2021-04-15 16:36:00.541
2021-04-15 16:36:01,6860001.0,6860001.0,2021-04-15 16:36:01.621
2021-04-15 16:36:02,6860001.0,6860001.0,2021-04-15 16:36:02.632
2021-04-15 16:36:03,6860001.0,6860001.0,2021-04-15 16:36:03.655
2021-04-15 16:36:04,6860001.0,6860001.0,2021-04-15 16:36:04.687
2021-04-15 16:36:05,6860001.0,6860001.0,2021-04-15 16:36:05.690
2021-04-15 16:36:06,6860001.0,6860001.0,2021-04-15 16:36:06.716
2021-04-15 16:36:07,6860001.0,6860001.0,2021-04-15 16:36:07.728
2021-04-15 16:36:08,6860001.0,6860001.0,2021-04-15 16:36:08.736
2021-04-15 16:36:09,6860001.0,6860001.0,2021-04-15 16:36:09.748
2021-04-15 16:36:10,6860001.0,6860001.0,2021-04-15 16:36:10.760
2021-04-15 16:36:11,6860001.0,6860001.0,2021-04-15 16:36:11.778
2021-04-15 16:36:12,6860001.0,6860001.0,2021-04-15 16:36:12.818
2021-04-15 16:36:13,6860001.0,6860001.0,2021-04-15 16:36:13.844
2021-04-15 16:36:14,6860001.0,6860001.0,2021-04-15 16:36:14.861
2021-04-15 16:36:15,6860001.0,6860001.0,2021-04-15 16:36:15.888
2021-04-15 16:36:17,6860001.0,6860001.0,2021-04-15 16:36:17.015
2021-04-15 16:36:18,6860001.0,6860001.0,2021-04-15 16:36:18.036
2021-04-15 16:36:19,6860001.0,6860001.0,2021-04-15 16:36:19.048
2021-04-15 16:36:20,6860001.0,6860001.0,2021-04-15 16:36:20.097
2021-04-15 16:36:21,6860001.0,6860001.0,2021-04-15 16:36:21.111
2021-04-15 16:36:22,6860001.0,6860001.0,2021-04-15 16:36:22.133
2021-04-15 16:36:23,6860001.0,6860001.0,2021-04-15 16:36:23.140
2021-04-15 16:36:24,6860001.0,6860001.0,2021-04-15 16:36:24.164
2021-04-15 16:36:25,6860001.0,6860001.0,2021-04-15 16:36:25.266
2021-04-15 16:36:26,6860001.0,6860001.0,2021-04-15 16:36:26.277
2021-04-15 16:36:27,6860001.0,6860001.0,2021-04-15 16:36:27.288
2021-04-15 16:36:28,6860001.0,6860001.0,2021-04-15 16:36:28.336
2021-04-15 16:36:29,6860001.0,6860001.0,2021-04-15 16:36:29.367
2021-04-15 16:36:30,6860001.0,6860001.0,2021-04-15 16:36:30.431
2021-04-15 16:36:31,6860001.0,6860001.0,2021-04-15 16:36:31.471
2021-04-15 16:36:32,6860001.0,6860001.0,2021-04-15 16:36:32.490
2021-04-15 16:36:33,6860001.0,6860001.0,2021-04-15 16:36:33.506
2021-04-15 16:36:34,6860001.0,6860001.0,2021-04-15 16:36:34.583
2021-04-15 16:36:35,6860001.0,6860001.0,2021-04-15 16:36:35.640
2021-04-15 16:36:36,6860001.0,6860001.0,2021-04-15 16:36:36.651
2021-04-15 16:36:37,6860001.0,6860001.0,2021-04-15 16:36:37.684
2021-04-15 16:36:38,6860000.0,6860001.0,2021-04-15 16:36:38.691
2021-04-15 16:36:39,6860000.0,6860001.0,2021-04-15 16:36:39.733
2021-04-15 16:36:40,6860000.0,6860001.0,2021-04-15 16:36:40.785
2021-04-15 16:36:41,6860000.0,6860001.0,2021-04-15 16:36:41.798
2021-04-15 16:36:42,6860000.0,6860001.0,2021-04-15 16:36:42.808
2021-04-15 16:36:43,6860000.0,6860001.0,2021-04-15 16:36:43.840
2021-04-15 16:36:44,6860000.0,6860001.0,2021-04-15 16:36:44.858
2021-04-15 16:36:45,6860000.0,6860001.0,2021-04-15 16:36:45.874
2021-04-15 16:36:46,6860000.0,6860001.0,2021-04-15 16:36:46.950
2021-04-15 16:36:47,6860000.0,6860001.0,2021-04-15 16:36:47.973
2021-04-15 16:36:48,6860000.0,6860001.0,2021-04-15 16:36:48.977
2021-04-15 16:36:50,6860000.0,6860001.0,2021-04-15 16:36:50.055
2021-04-15 16:36:51,6860000.0,6860001.0,2021-04-15 16:36:51.060
2021-04-15 16:36:52,6860000.0,6860001.0,2021-04-15 16:36:52.079
2021-04-15 16:36:53,6860000.0,6860001.0,2021-04-15 16:36:53.089
2021-04-15 16:36:54,6860000.0,6860001.0,2021-04-15 16:36:54.097
2021-04-15 16:36:55,6860000.0,6860001.0,2021-04-15 16:36:55.942
2021-04-15 16:36:56,6860000.0,6860002.0,2021-04-15 16:36:56.966
2021-04-15 16:36:57,6860000.0,6860002.0,2021-04-15 16:36:57.978
2021-04-15 16:36:59,6860000.0,6860002.0,2021-04-15 16:36:59.016
2021-04-15 16:37:00,6860000.0,6860002.0,2021-04-15 16:37:00.029
2021-04-15 16:37:01,6860000.0,6860002.0,2021-04-15 16:37:01.046
2021-04-15 16:37:02,6860000.0,6860002.0,2021-04-15 16:37:02.069
2021-04-15 16:37:03,6860000.0,6860002.0,2021-04-15 16:37:03.081
2021-04-15 16:37:04,6860000.0,6860002.0,2021-04-15 16:37:04.114
2021-04-15 16:37:05,6860000.0,6860002.0,2021-04-15 16:37:05.141
2021-04-15 16:37:06,6860000.0,6860002.0,2021-04-15 16:37:06.163
2021-04-15 16:37:07,6860000.0,6860002.0,2021-04-15 16:37:07.178
2021-04-15 16:37:08,6860000.0,6860002.0,2021-04-15 16:37:08.183
2021-04-15 16:37:09,6860001.0,6860002.0,2021-04-15 16:37:09.217
2021-04-15 16:37:10,6860001.0,6860002.0,2021-04-15 16:37:10.255
2021-04-15 16:37:11,6860001.0,6860002.0,2021-04-15 16:37:11.301
2021-04-15 16:37:12,6860001.0,6860002.0,2021-04-15 16:37:12.328
2021-04-15 16:37:13,6860001.0,6860002.0,2021-04-15 16:37:13.338
2021-04-15 16:37:14,6860001.0,6860002.0,2021-04-15 16:37:14.357
2021-04-15 16:37:15,6860001.0,6860002.0,2021-04-15 16:37:15.380
2021-04-15 16:37:16,6860001.0,6860002.0,2021-04-15 16:37:16.427
2021-04-15 16:37:17,6860001.0,6860002.0,2021-04-15 16:37:17.463
2021-04-15 16:37:18,6860001.0,6860002.0,2021-04-15 16:37:18.472
2021-04-15 16:37:19,6860001.0,6860002.0,2021-04-15 16:37:19.518
2021-04-15 16:37:20,6860001.0,6860002.0,2021-04-15 16:37:20.536
2021-04-15 16:37:21,6860001.0,6860002.0,2021-04-15 16:37:21.548
2021-04-15 16:37:22,6860001.0,6860002.0,2021-04-15 16:37:22.560
2021-04-15 16:37:23,6860001.0,6860002.0,2021-04-15 16:37:23.586
2021-04-15 16:37:24,6862056.0,6862058.0,2021-04-15 16:37:24.595
2021-04-15 16:37:25,6862056.0,6862058.0,2021-04-15 16:37:25.604
2021-04-15 16:37:26,6862056.0,6862058.0,2021-04-15 16:37:26.616
2021-04-15 16:37:27,6862056.0,6865043.0,2021-04-15 16:37:27.622
2021-04-15 16:37:28,6862056.0,6865043.0,2021-04-15 16:37:28.649
2021-04-15 16:37:29,6862056.0,6865043.0,2021-04-15 16:37:29.659
2021-04-15 16:37:30,6862056.0,6865043.0,2021-04-15 16:37:30.672
2021-04-15 16:37:31,6862056.0,6865043.0,2021-04-15 16:37:31.689
2021-04-15 16:37:32,6862056.0,6865043.0,2021-04-15 16:37:32.698
2021-04-15 16:37:33,6862056.0,6865405.0,2021-04-15 16:37:33.721
2021-04-15 16:37:34,6862056.0,6865405.0,2021-04-15 16:37:34.733
2021-04-15 16:37:35,6862056.0,6865405.0,2021-04-15 16:37:35.746
2021-04-15 16:37:36,6862056.0,6865405.0,2021-04-15 16:37:36.764
2021-04-15 16:37:37,6862056.0,6865405.0,2021-04-15 16:37:37.856
2021-04-15 16:37:38,6865800.0,6865405.0,2021-04-15 16:37:38.882
2021-04-15 16:37:39,6865800.0,6865405.0,2021-04-15 16:37:39.897
2021-04-15 16:37:40,6865800.0,6865405.0,2021-04-15 16:37:40.907
2021-04-15 16:37:42,6865800.0,6865405.0,2021-04-15 16:37:41.996
2021-04-15 16:37:43,6865800.0,6865405.0,2021-04-15 16:37:43.049
2021-04-15 16:37:44,6865800.0,6865405.0,2021-04-15 16:37:44.073
2021-04-15 16:37:45,6865800.0,6865405.0,2021-04-15 16:37:45.080
2021-04-15 16:37:46,6865800.0,6865405.0,2021-04-15 16:37:46.119
2021-04-15 16:37:47,6865800.0,6865405.0,2021-04-15 16:37:47.174
2021-04-15 16:37:48,6865800.0,6865405.0,2021-04-15 16:37:48.183
2021-04-15 16:37:49,6865800.0,6865405.0,2021-04-15 16:37:49.196
2021-04-15 16:37:50,6865800.0,6865405.0,2021-04-15 16:37:50.212
2021-04-15 16:37:51,6865800.0,6865405.0,2021-04-15 16:37:51.288
2021-04-15 16:37:52,6865800.0,6865405.0,2021-04-15 16:37:52.294
2021-04-15 16:37:53,6865800.0,6865405.0,2021-04-15 16:37:53.302
2021-04-15 16:37:54,6865800.0,6865405.0,2021-04-15 16:37:54.313
2021-04-15 16:37:55,6865800.0,6865405.0,2021-04-15 16:37:55.339
2021-04-15 16:37:56,6865800.0,6865405.0,2021-04-15 16:37:56.360
2021-04-15 16:37:57,6865800.0,6865405.0,2021-04-15 16:37:57.483
2021-04-15 16:37:58,6865800.0,6865405.0,2021-04-15 16:37:58.565
2021-04-15 16:37:59,6865800.0,6865405.0,2021-04-15 16:37:59.630
2021-04-15 16:38:00,6865800.0,6865405.0,2021-04-15 16:38:00.640
2021-04-15 16:38:01,6865800.0,6865405.0,2021-04-15 16:38:01.651
2021-04-15 16:38:02,6865800.0,6865405.0,2021-04-15 16:38:02.782
2021-04-15 16:38:03,6865800.0,6865405.0,2021-04-15 16:38:03.835
2021-04-15 16:38:04,6865800.0,6865405.0,2021-04-15 16:38:04.859
2021-04-15 16:38:05,6865800.0,6865405.0,2021-04-15 16:38:05.897
2021-04-15 16:38:06,6865800.0,6865405.0,2021-04-15 16:38:06.906
2021-04-15 16:38:07,6865800.0,6865405.0,2021-04-15 16:38:07.952
2021-04-15 16:38:08,6865800.0,6865405.0,2021-04-15 16:38:08.983
2021-04-15 16:38:10,6865800.0,6865405.0,2021-04-15 16:38:10.030
2021-04-15 16:38:11,6865800.0,6865405.0,2021-04-15 16:38:11.038
2021-04-15 16:38:12,6865800.0,6865405.0,2021-04-15 16:38:12.043
2021-04-15 16:38:13,6865800.0,6865405.0,2021-04-15 16:38:13.083
2021-04-15 16:38:14,6865800.0,6865405.0,2021-04-15 16:38:14.091
2021-04-15 16:38:15,6865800.0,6865405.0,2021-04-15 16:38:15.103
2021-04-15 16:38:16,6865800.0,6865405.0,2021-04-15 16:38:16.108
2021-04-15 16:38:17,6865800.0,6865405.0,2021-04-15 16:38:17.176
2021-04-15 16:38:18,6865800.0,6865405.0,2021-04-15 16:38:18.213
2021-04-15 16:38:19,6865800.0,6865405.0,2021-04-15 16:38:19.238
2021-04-15 16:38:20,6865800.0,6865405.0,2021-04-15 16:38:20.256
2021-04-15 16:38:21,6865800.0,6865405.0,2021-04-15 16:38:21.263
2021-04-15 16:38:22,6865800.0,6865405.0,2021-04-15 16:38:22.336
2021-04-15 16:38:23,6865800.0,6865405.0,2021-04-15 16:38:23.355
2021-04-15 16:38:24,6865800.0,6865405.0,2021-04-15 16:38:24.396
2021-04-15 16:38:25,6865800.0,6865405.0,2021-04-15 16:38:25.469
2021-04-15 16:38:26,6865800.0,6865405.0,2021-04-15 16:38:26.482
2021-04-15 16:38:27,6865800.0,6865405.0,2021-04-15 16:38:27.496
2021-04-15 16:38:28,6865800.0,6865405.0,2021-04-15 16:38:28.511
2021-04-15 16:38:30,6865800.0,6865405.0,2021-04-15 16:38:30.182
2021-04-15 16:38:31,6865800.0,6865405.0,2021-04-15 16:38:31.214
2021-04-15 16:38:32,6865800.0,6865405.0,2021-04-15 16:38:32.222
2021-04-15 16:38:33,6865800.0,6865405.0,2021-04-15 16:38:33.272
2021-04-15 16:38:34,6865800.0,6865405.0,2021-04-15 16:38:34.281
