timestamp,bid,ask,tick_timestamp
2021-04-15 16:22:46,6879200.0,6879898.0,2021-04-15 16:22:46.642
2021-04-15 16:22:47,6879200.0,6879716.0,2021-04-15 16:22:47.661
2021-04-15 16:22:48,6879200.0,6879716.0,2021-04-15 16:22:48.667
2021-04-15 16:22:49,6878726.0,6878849.0,2021-04-15 16:22:49.672
2021-04-15 16:22:50,6878752.0,6878849.0,2021-04-15 16:22:50.684
2021-04-15 16:22:51,6878752.0,6878849.0,2021-04-15 16:22:51.692
2021-04-15 16:22:52,6876795.0,6878849.0,2021-04-15 16:22:52.702
2021-04-15 16:22:53,6876604.0,6878849.0,2021-04-15 16:22:53.709
2021-04-15 16:22:54,6876604.0,6878849.0,2021-04-15 16:22:54.724
2021-04-15 16:22:55,6876614.0,6878849.0,2021-04-15 16:22:55.752
2021-04-15 16:22:56,6876876.0,6878849.0,2021-04-15 16:22:56.771
2021-04-15 16:22:57,6876876.0,6878849.0,2021-04-15 16:22:57.791
2021-04-15 16:22:58,6876614.0,6877682.0,2021-04-15 16:22:58.807
2021-04-15 16:22:59,6876721.0,6877682.0,2021-04-15 16:22:59.823
2021-04-15 16:23:00,6876721.0,6877682.0,2021-04-15 16:23:00.829
2021-04-15 16:23:01,6876721.0,6877682.0,2021-04-15 16:23:01.846
2021-04-15 16:23:02,6876722.0,6877682.0,2021-04-15 16:23:02.854
2021-04-15 16:23:03,6876722.0,6877575.0,2021-04-15 16:23:03.873
2021-04-15 16:23:04,6876722.0,6877575.0,2021-04-15 16:23:04.954
2021-04-15 16:23:06,6876722.0,6877442.0,2021-04-15 16:23:05.990
2021-04-15 16:23:07,6876722.0,6876369.0,2021-04-15 16:23:07.036
2021-04-15 16:23:08,6876094.0,6876019.0,2021-04-15 16:23:08.046
2021-04-15 16:23:09,6875666.0,6875985.0,2021-04-15 16:23:09.065
2021-04-15 16:23:10,6874804.0,6874804.0,2021-04-15 16:23:10.181
2021-04-15 16:23:11,6873639.0,6874804.0,2021-04-15 16:23:11.198
2021-04-15 16:23:12,6873494.0,6873446.0,2021-04-15 16:23:12.214
2021-04-15 16:23:13,6873648.0,6873446.0,2021-04-15 16:23:13.227
2021-04-15 16:23:14,6873648.0,6873446.0,2021-04-15 16:23:14.238
2021-04-15 16:23:15,6873648.0,6873446.0,2021-04-15 16:23:15.252
2021-04-15 16:23:16,6873594.0,6873446.0,2021-04-15 16:23:16.262
2021-04-15 16:23:17,6873494.0,6873166.0,2021-04-15 16:23:17.285
2021-04-15 16:23:18,6873494.0,6873166.0,2021-04-15 16:23:18.293
2021-04-15 16:23:19,6872163.0,6872783.0,2021-04-15 16:23:19.312
2021-04-15 16:23:20,6872163.0,6872783.0,2021-04-15 16:23:20.344
2021-04-15 16:23:21,6872163.0,6872649.0,2021-04-15 16:23:21.372
2021-04-15 16:23:22,6872163.0,6872529.0,2021-04-15 16:23:22.404
2021-04-15 16:23:23,6872163.0,6872149.0,2021-04-15 16:23:23.411
2021-04-15 16:23:24,6871457.0,6871457.0,2021-04-15 16:23:24.429
2021-04-15 16:23:25,6868960.0,6869619.0,2021-04-15 16:23:25.460
2021-04-15 16:23:26,6868960.0,6869612.0,2021-04-15 16:23:26.478
2021-04-15 16:23:27,6868960.0,6869612.0,2021-04-15 16:23:27.488
2021-04-15 16:23:28,6868765.0,6869611.0,2021-04-15 16:23:28.548
2021-04-15 16:23:29,6869188.0,6869568.0,2021-04-15 16:23:29.566
2021-04-15 16:23:30,6869188.0,6869568.0,2021-04-15 16:23:30.570
2021-04-15 16:23:31,6869188.0,6869568.0,2021-04-15 16:23:31.575
2021-04-15 16:23:32,6869251.0,6869568.0,2021-04-15 16:23:32.609
2021-04-15 16:23:33,6869251.0,6869706.0,2021-04-15 16:23:33.633
2021-04-15 16:23:34,6869251.0,6869699.0,2021-04-15 16:23:34.686
2021-04-15 16:23:35,6869108.0,6869699.0,2021-04-15 16:23:35.711
2021-04-15 16:23:36,6869108.0,6869611.0,2021-04-15 16:23:36.733
2021-04-15 16:23:37,6869108.0,6869334.0,2021-04-15 16:23:37.773
2021-04-15 16:23:38,6868765.0,6869050.0,2021-04-15 16:23:38.778
2021-04-15 16:23:39,6868765.0,6869050.0,2021-04-15 16:23:39.785
2021-04-15 16:23:40,6868765.0,6869050.0,2021-04-15 16:23:40.825
2021-04-15 16:23:41,6868765.0,6869021.0,2021-04-15 16:23:41.832
2021-04-15 16:23:42,6868765.0,6869021.0,2021-04-15 16:23:42.838
2021-04-15 16:23:43,6868765.0,6869021.0,2021-04-15 16:23:43.850
2021-04-15 16:23:44,6868765.0,6869021.0,2021-04-15 16:23:44.865
2021-04-15 16:23:46,6867494.0,6869021.0,2021-04-15 16:23:45.979
2021-04-15 16:23:47,6865605.0,6865892.0,2021-04-15 16:23:47.043
2021-04-15 16:23:48,6864988.0,6865919.0,2021-04-15 16:23:48.049
2021-04-15 16:23:49,6864455.0,6865775.0,2021-04-15 16:23:49.052
2021-04-15 16:23:50,6864624.0,6865775.0,2021-04-15 16:23:50.088
2021-04-15 16:23:51,6863711.0,6864296.0,2021-04-15 16:23:51.179
2021-04-15 16:23:52,6862208.0,6863711.0,2021-04-15 16:23:52.208
2021-04-15 16:23:53,6861974.0,6861985.0,2021-04-15 16:23:53.212
2021-04-15 16:23:55,6861974.0,6862672.0,2021-04-15 16:23:55.502
2021-04-15 16:23:56,6863495.0,6862486.0,2021-04-15 16:23:56.516
2021-04-15 16:23:57,6863495.0,6862486.0,2021-04-15 16:23:57.619
2021-04-15 16:23:58,6863656.0,6864812.0,2021-04-15 16:23:58.632
2021-04-15 16:23:59,6861263.0,6862706.0,2021-04-15 16:23:59.647
2021-04-15 16:24:00,6860478.0,6860034.0,2021-04-15 16:24:00.664
2021-04-15 16:24:01,6860478.0,6860034.0,2021-04-15 16:24:01.682
2021-04-15 16:24:02,6860088.0,6860826.0,2021-04-15 16:24:02.688
2021-04-15 16:24:03,6860477.0,6861072.0,2021-04-15 16:24:03.694
2021-04-15 16:24:04,6860477.0,6862531.0,2021-04-15 16:24:04.817
2021-04-15 16:24:05,6860477.0,6862312.0,2021-04-15 16:24:05.840
2021-04-15 16:24:06,6860477.0,6862312.0,2021-04-15 16:24:06.857
2021-04-15 16:24:07,6860764.0,6862532.0,2021-04-15 16:24:07.879
2021-04-15 16:24:08,6861920.0,6862532.0,2021-04-15 16:24:08.984
2021-04-15 16:24:10,6862135.0,6862532.0,2021-04-15 16:24:10.641
2021-04-15 16:24:11,6864396.0,6864383.0,2021-04-15 16:24:11.665
2021-04-15 16:24:12,6865345.0,6865506.0,2021-04-15 16:24:12.673
2021-04-15 16:24:14,6864000.0,6865506.0,2021-04-15 16:24:14.330
2021-04-15 16:24:15,6864000.0,6865506.0,2021-04-15 16:24:15.421
2021-04-15 16:24:16,6864000.0,6865506.0,2021-04-15 16:24:16.459
2021-04-15 16:24:17,6864000.0,6865506.0,2021-04-15 16:24:17.476
2021-04-15 16:24:18,6864000.0,6863484.0,2021-04-15 16:24:18.486
2021-04-15 16:24:19,6861893.0,6863410.0,2021-04-15 16:24:19.526
2021-04-15 16:24:20,6862401.0,6862174.0,2021-04-15 16:24:20.544
2021-04-15 16:24:21,6862401.0,6862174.0,2021-04-15 16:24:21.566
2021-04-15 16:24:22,6862401.0,6862132.0,2021-04-15 16:24:22.585
2021-04-15 16:24:23,6862401.0,6862123.0,2021-04-15 16:24:23.594
2021-04-15 16:24:24,6862401.0,6862123.0,2021-04-15 16:24:24.602
2021-04-15 16:24:25,6862401.0,6862035.0,2021-04-15 16:24:25.617
2021-04-15 16:24:26,6862401.0,6861954.0,2021-04-15 16:24:26.631
2021-04-15 16:24:27,6860166.0,6860969.0,2021-04-15 16:24:27.692
2021-04-15 16:24:28,6860005.0,6860003.0,2021-04-15 16:24:28.730
2021-04-15 16:24:30,6859673.0,6859616.0,2021-04-15 16:24:30.371
2021-04-15 16:24:31,6859673.0,6859486.0,2021-04-15 16:24:31.416
2021-04-15 16:24:32,6859673.0,6859480.0,2021-04-15 16:24:32.448
2021-04-15 16:24:33,6859673.0,6859480.0,2021-04-15 16:24:33.467
2021-04-15 16:24:34,6859673.0,6859480.0,2021-04-15 16:24:34.473
2021-04-15 16:24:35,6859673.0,6859480.0,2021-04-15 16:24:35.476
2021-04-15 16:24:36,6859674.0,6859480.0,2021-04-15 16:24:36.482
2021-04-15 16:24:37,6859904.0,6859480.0,2021-04-15 16:24:37.617
2021-04-15 16:24:38,6859904.0,6859480.0,2021-04-15 16:24:38.640
2021-04-15 16:24:39,6859904.0,6859480.0,2021-04-15 16:24:39.667
2021-04-15 16:24:40,6859904.0,6859480.0,2021-04-15 16:24:40.676
2021-04-15 16:24:41,6859904.0,6859480.0,2021-04-15 16:24:41.690
2021-04-15 16:24:42,6859904.0,6861528.0,2021-04-15 16:24:42.699
2021-04-15 16:24:44,6859904.0,6861528.0,2021-04-15 16:24:43.817
2021-04-15 16:24:45,6859904.0,6861528.0,2021-04-15 16:24:45.067
2021-04-15 16:24:46,6858940.0,6860679.0,2021-04-15 16:24:46.079
2021-04-15 16:24:47,6859092.0,6860678.0,2021-04-15 16:24:47.145
2021-04-15 16:24:48,6859092.0,6858944.0,2021-04-15 16:24:48.160
2021-04-15 16:24:49,6859092.0,6858952.0,2021-04-15 16:24:49.178
2021-04-15 16:24:50,6859092.0,6858952.0,2021-04-15 16:24:50.313
2021-04-15 16:24:51,6859092.0,6858952.0,2021-04-15 16:24:51.358
2021-04-15 16:24:52,6859092.0,6860113.0,2021-04-15 16:24:52.363
2021-04-15 16:24:53,6860169.0,6860113.0,2021-04-15 16:24:53.367
2021-04-15 16:24:54,6860169.0,6860671.0,2021-04-15 16:24:54.385
2021-04-15 16:24:55,6860169.0,6860565.0,2021-04-15 16:24:55.390
2021-04-15 16:24:56,6860169.0,6860454.0,2021-04-15 16:24:56.406
2021-04-15 16:24:57,6860169.0,6860103.0,2021-04-15 16:24:57.455
2021-04-15 16:24:58,6860169.0,6859549.0,2021-04-15 16:24:58.524
2021-04-15 16:24:59,6860169.0,6859363.0,2021-04-15 16:24:59.530
2021-04-15 16:25:00,6858940.0,6859325.0,2021-04-15 16:25:00.551
2021-04-15 16:25:01,6858940.0,6859280.0,2021-04-15 16:25:01.606
2021-04-15 16:25:02,6859028.0,6859280.0,2021-04-15 16:25:02.623
2021-04-15 16:25:03,6859200.0,6859280.0,2021-04-15 16:25:03.645
2021-04-15 16:25:04,6859354.0,6859280.0,2021-04-15 16:25:04.651
2021-04-15 16:25:05,6859381.0,6860233.0,2021-04-15 16:25:05.671
2021-04-15 16:25:06,6860151.0,6861025.0,2021-04-15 16:25:06.685
2021-04-15 16:25:07,6860151.0,6860927.0,2021-04-15 16:25:07.699
2021-04-15 16:25:08,6860151.0,6860927.0,2021-04-15 16:25:08.725
2021-04-15 16:25:09,6858348.0,6860513.0,2021-04-15 16:25:09.740
2021-04-15 16:25:10,6857971.0,6858751.0,2021-04-15 16:25:10.923
2021-04-15 16:25:11,6857997.0,6859295.0,2021-04-15 16:25:11.952
2021-04-15 16:25:13,6857831.0,6857713.0,2021-04-15 16:25:13.119
2021-04-15 16:25:14,6856876.0,6857713.0,2021-04-15 16:25:14.126
2021-04-15 16:25:15,6856876.0,6856765.0,2021-04-15 16:25:15.137
2021-04-15 16:25:16,6856876.0,6856765.0,2021-04-15 16:25:16.175
2021-04-15 16:25:17,6856876.0,6856756.0,2021-04-15 16:25:17.210
2021-04-15 16:25:18,6856617.0,6856636.0,2021-04-15 16:25:18.222
2021-04-15 16:25:19,6858045.0,6858010.0,2021-04-15 16:25:19.231
2021-04-15 16:25:20,6858767.0,6858986.0,2021-04-15 16:25:20.268
2021-04-15 16:25:21,6859154.0,6861344.0,2021-04-15 16:25:21.310
2021-04-15 16:25:22,6859355.0,6861155.0,2021-04-15 16:25:22.406
2021-04-15 16:25:23,6859355.0,6860954.0,2021-04-15 16:25:23.457
2021-04-15 16:25:24,6859077.0,6859722.0,2021-04-15 16:25:24.473
2021-04-15 16:25:25,6859077.0,6859722.0,2021-04-15 16:25:25.500
2021-04-15 16:25:26,6859077.0,6859979.0,2021-04-15 16:25:26.535
2021-04-15 16:25:27,6859077.0,6859810.0,2021-04-15 16:25:27.553
2021-04-15 16:25:28,6859077.0,6859629.0,2021-04-15 16:25:28.558
2021-04-15 16:25:29,6859077.0,6859803.0,2021-04-15 16:25:29.588
2021-04-15 16:25:30,6859077.0,6859697.0,2021-04-15 16:25:30.592
2021-04-15 16:25:31,6859077.0,6859697.0,2021-04-15 16:25:31.603
2021-04-15 16:25:32,6859077.0,6859144.0,2021-04-15 16:25:32.632
2021-04-15 16:25:33,6859077.0,6859103.0,2021-04-15 16:25:33.643
2021-04-15 16:25:34,6858008.0,6859103.0,2021-04-15 16:25:34.653
2021-04-15 16:25:35,6856665.0,6858831.0,2021-04-15 16:25:35.660
2021-04-15 16:25:36,6858991.0,6858636.0,2021-04-15 16:25:36.673
2021-04-15 16:25:37,6858991.0,6858636.0,2021-04-15 16:25:37.691
2021-04-15 16:25:38,6858991.0,6858636.0,2021-04-15 16:25:38.701
2021-04-15 16:25:39,6858991.0,6858636.0,2021-04-15 16:25:39.743
2021-04-15 16:25:40,6858991.0,6858636.0,2021-04-15 16:25:40.770
2021-04-15 16:25:41,6858991.0,6858636.0,2021-04-15 16:25:41.776
2021-04-15 16:25:42,6858991.0,6858636.0,2021-04-15 16:25:42.789
2021-04-15 16:25:43,6858991.0,6858636.0,2021-04-15 16:25:43.794
2021-04-15 16:25:44,6858991.0,6858893.0,2021-04-15 16:25:44.826
2021-04-15 16:25:45,6858991.0,6858893.0,2021-04-15 16:25:45.861
2021-04-15 16:25:46,6858991.0,6858893.0,2021-04-15 16:25:46.890
2021-04-15 16:25:47,6858765.0,6858893.0,2021-04-15 16:25:47.899
2021-04-15 16:25:48,6859051.0,6860225.0,2021-04-15 16:25:48.904
2021-04-15 16:25:49,6861711.0,6860973.0,2021-04-15 16:25:49.907
2021-04-15 16:25:50,6861900.0,6860973.0,2021-04-15 16:25:50.914
2021-04-15 16:25:51,6864447.0,6863277.0,2021-04-15 16:25:51.964
2021-04-15 16:25:53,6862947.0,6863277.0,2021-04-15 16:25:53.718
2021-04-15 16:25:54,6862947.0,6863277.0,2021-04-15 16:25:54.793
2021-04-15 16:25:55,6862947.0,6863277.0,2021-04-15 16:25:55.829
2021-04-15 16:25:56,6863100.0,6863277.0,2021-04-15 16:25:56.838
2021-04-15 16:25:57,6863217.0,6863277.0,2021-04-15 16:25:57.858
2021-04-15 16:25:58,6863217.0,6863277.0,2021-04-15 16:25:58.860
2021-04-15 16:25:59,6863217.0,6863277.0,2021-04-15 16:25:59.997
2021-04-15 16:26:01,6863217.0,6863277.0,2021-04-15 16:26:01.078
2021-04-15 16:26:02,6863217.0,6863277.0,2021-04-15 16:26:02.086
2021-04-15 16:26:03,6863217.0,6863277.0,2021-04-15 16:26:03.090
2021-04-15 16:26:04,6863217.0,6863277.0,2021-04-15 16:26:04.092
2021-04-15 16:26:05,6863633.0,6863277.0,2021-04-15 16:26:05.104
2021-04-15 16:26:06,6863633.0,6863277.0,2021-04-15 16:26:06.122
2021-04-15 16:26:07,6863643.0,6864980.0,2021-04-15 16:26:07.132
2021-04-15 16:26:08,6865046.0,6864980.0,2021-04-15 16:26:08.174
2021-04-15 16:26:09,6865046.0,6865107.0,2021-04-15 16:26:09.241
2021-04-15 16:26:10,6865046.0,6864988.0,2021-04-15 16:26:10.275
2021-04-15 16:26:11,6865047.0,6865142.0,2021-04-15 16:26:11.285
2021-04-15 16:26:12,6866511.0,6867825.0,2021-04-15 16:26:12.300
2021-04-15 16:26:13,6866511.0,6867688.0,2021-04-15 16:26:13.344
2021-04-15 16:26:14,6866608.0,6867688.0,2021-04-15 16:26:14.418
2021-04-15 16:26:15,6867919.0,6867842.0,2021-04-15 16:26:15.433
2021-04-15 16:26:16,6868003.0,6867842.0,2021-04-15 16:26:16.447
2021-04-15 16:26:17,6867864.0,6867842.0,2021-04-15 16:26:17.470
2021-04-15 16:26:18,6866920.0,6867842.0,2021-04-15 16:26:18.486
2021-04-15 16:26:19,6867008.0,6867842.0,2021-04-15 16:26:19.502
2021-04-15 16:26:20,6870749.0,6870092.0,2021-04-15 16:26:20.518
2021-04-15 16:26:21,6866559.0,6869622.0,2021-04-15 16:26:21.525
2021-04-15 16:26:22,6867283.0,6869622.0,2021-04-15 16:26:22.531
2021-04-15 16:26:23,6867646.0,6869622.0,2021-04-15 16:26:23.655
2021-04-15 16:26:24,6867709.0,6869622.0,2021-04-15 16:26:24.660
2021-04-15 16:26:25,6867710.0,6869622.0,2021-04-15 16:26:25.683
2021-04-15 16:26:26,6867710.0,6870431.0,2021-04-15 16:26:26.691
2021-04-15 16:26:27,6868951.0,6870341.0,2021-04-15 16:26:27.707
2021-04-15 16:26:28,6868951.0,6870341.0,2021-04-15 16:26:28.732
2021-04-15 16:26:29,6868951.0,6870339.0,2021-04-15 16:26:29.745
2021-04-15 16:26:30,6868966.0,6870073.0,2021-04-15 16:26:30.756
2021-04-15 16:26:31,6869103.0,6870073.0,2021-04-15 16:26:31.771
2021-04-15 16:26:32,6868951.0,6870073.0,2021-04-15 16:26:32.815
2021-04-15 16:26:33,6868951.0,6870073.0,2021-04-15 16:26:33.824
2021-04-15 16:26:34,6869062.0,6870073.0,2021-04-15 16:26:34.836
2021-04-15 16:26:35,6869277.0,6871295.0,2021-04-15 16:26:35.858
2021-04-15 16:26:36,6869300.0,6871293.0,2021-04-15 16:26:36.869
2021-04-15 16:26:37,6869485.0,6871293.0,2021-04-15 16:26:37.913
2021-04-15 16:26:38,6869485.0,6871293.0,2021-04-15 16:26:38.930
2021-04-15 16:26:40,6869485.0,6871293.0,2021-04-15 16:26:40.002
2021-04-15 16:26:41,6869486.0,6871293.0,2021-04-15 16:26:41.028
2021-04-15 16:26:42,6869488.0,6871293.0,2021-04-15 16:26:42.107
2021-04-15 16:26:43,6869489.0,6871293.0,2021-04-15 16:26:43.197
2021-04-15 16:26:44,6869894.0,6872127.0,2021-04-15 16:26:44.228
2021-04-15 16:26:45,6869894.0,6871913.0,2021-04-15 16:26:45.265
2021-04-15 16:26:46,6869894.0,6871913.0,2021-04-15 16:26:46.321
2021-04-15 16:26:47,6870220.0,6872187.0,2021-04-15 16:26:47.336
2021-04-15 16:26:48,6870220.0,6872187.0,2021-04-15 16:26:48.371
2021-04-15 16:26:49,6870220.0,6872187.0,2021-04-15 16:26:49.422
2021-04-15 16:26:50,6870220.0,6872187.0,2021-04-15 16:26:50.531
2021-04-15 16:26:51,6870220.0,6872187.0,2021-04-15 16:26:51.537
2021-04-15 16:26:52,6870220.0,6872216.0,2021-04-15 16:26:52.650
2021-04-15 16:26:53,6870220.0,6872216.0,2021-04-15 16:26:53.771
2021-04-15 16:26:54,6870220.0,6872216.0,2021-04-15 16:26:54.903
2021-04-15 16:26:55,6871357.0,6872216.0,2021-04-15 16:26:55.917
2021-04-15 16:26:56,6871500.0,6872635.0,2021-04-15 16:26:56.921
2021-04-15 16:26:57,6871500.0,6872635.0,2021-04-15 16:26:57.935
2021-04-15 16:26:58,6871500.0,6872635.0,2021-04-15 16:26:58.950
2021-04-15 16:26:59,6871391.0,6872635.0,2021-04-15 16:26:59.954
2021-04-15 16:27:00,6871972.0,6872635.0,2021-04-15 16:27:00.998
2021-04-15 16:27:02,6871973.0,6872635.0,2021-04-15 16:27:02.001
2021-04-15 16:27:03,6872126.0,6872635.0,2021-04-15 16:27:03.007
2021-04-15 16:27:04,6872127.0,6872635.0,2021-04-15 16:27:04.063
2021-04-15 16:27:05,6872264.0,6872635.0,2021-04-15 16:27:05.090
2021-04-15 16:27:06,6872387.0,6872635.0,2021-04-15 16:27:06.117
2021-04-15 16:27:07,6872392.0,6872635.0,2021-04-15 16:27:07.144
2021-04-15 16:27:08,6872395.0,6872635.0,2021-04-15 16:27:08.157
2021-04-15 16:27:09,6872728.0,6872635.0,2021-04-15 16:27:09.161
2021-04-15 16:27:10,6872736.0,6872635.0,2021-04-15 16:27:10.215
2021-04-15 16:27:11,6872737.0,6872635.0,2021-04-15 16:27:11.231
2021-04-15 16:27:12,6873046.0,6872635.0,2021-04-15 16:27:12.320
2021-04-15 16:27:13,6873047.0,6872635.0,2021-04-15 16:27:13.362
2021-04-15 16:27:14,6873048.0,6872635.0,2021-04-15 16:27:14.405
2021-04-15 16:27:15,6873046.0,6872635.0,2021-04-15 16:27:15.450
2021-04-15 16:27:16,6873046.0,6872635.0,2021-04-15 16:27:16.485
2021-04-15 16:27:17,6873046.0,6872635.0,2021-04-15 16:27:17.491
2021-04-15 16:27:18,6873046.0,6873446.0,2021-04-15 16:27:18.556
2021-04-15 16:27:19,6873046.0,6873446.0,2021-04-15 16:27:19.605
2021-04-15 16:27:20,6873046.0,6873446.0,2021-04-15 16:27:20.692
2021-04-15 16:27:21,6873046.0,6873446.0,2021-04-15 16:27:21.717
2021-04-15 16:27:22,6873046.0,6873446.0,2021-04-15 16:27:22.736
2021-04-15 16:27:23,6873046.0,6873446.0,2021-04-15 16:27:23.766
2021-04-15 16:27:24,6873046.0,6873446.0,2021-04-15 16:27:24.787
2021-04-15 16:27:25,6873046.0,6873446.0,2021-04-15 16:27:25.813
2021-04-15 16:27:26,6873450.0,6873446.0,2021-04-15 16:27:26.840
2021-04-15 16:27:27,6874249.0,6874270.0,2021-04-15 16:27:27.849
2021-04-15 16:27:28,6874249.0,6874270.0,2021-04-15 16:27:28.870
2021-04-15 16:27:29,6874404.0,6874270.0,2021-04-15 16:27:29.906
2021-04-15 16:27:30,6874420.0,6874270.0,2021-04-15 16:27:30.915
2021-04-15 16:27:31,6874570.0,6874616.0,2021-04-15 16:27:31.947
2021-04-15 16:27:32,6875009.0,6875013.0,2021-04-15 16:27:32.972
2021-04-15 16:27:34,6874410.0,6875013.0,2021-04-15 16:27:34.054
2021-04-15 16:27:35,6874784.0,6875013.0,2021-04-15 16:27:35.081
2021-04-15 16:27:36,6874410.0,6875588.0,2021-04-15 16:27:36.114
2021-04-15 16:27:37,6875117.0,6875456.0,2021-04-15 16:27:37.127
2021-04-15 16:27:38,6875117.0,6875456.0,2021-04-15 16:27:38.136
2021-04-15 16:27:39,6875117.0,6875456.0,2021-04-15 16:27:39.147
2021-04-15 16:27:40,6874417.0,6875456.0,2021-04-15 16:27:40.192
2021-04-15 16:27:41,6874429.0,6875456.0,2021-04-15 16:27:41.217
2021-04-15 16:27:42,6874432.0,6877708.0,2021-04-15 16:27:42.296
2021-04-15 16:27:43,6874438.0,6877707.0,2021-04-15 16:27:43.306
2021-04-15 16:27:44,6874765.0,6877380.0,2021-04-15 16:27:44.349
2021-04-15 16:27:45,6874765.0,6877380.0,2021-04-15 16:27:45.364
2021-04-15 16:27:46,6874454.0,6874305.0,2021-04-15 16:27:46.379
2021-04-15 16:27:47,6874454.0,6876356.0,2021-04-15 16:27:47.441
2021-04-15 16:27:48,6873920.0,6876356.0,2021-04-15 16:27:48.450
2021-04-15 16:27:49,6873434.0,6876356.0,2021-04-15 16:27:49.468
2021-04-15 16:27:50,6873154.0,6876356.0,2021-04-15 16:27:50.511
2021-04-15 16:27:51,6872420.0,6875521.0,2021-04-15 16:27:51.529
2021-04-15 16:27:52,6872478.0,6873895.0,2021-04-15 16:27:52.549
2021-04-15 16:27:53,6872478.0,6873737.0,2021-04-15 16:27:53.589
2021-04-15 16:27:54,6872478.0,6873737.0,2021-04-15 16:27:54.601
2021-04-15 16:27:55,6871543.0,6873548.0,2021-04-15 16:27:55.615
2021-04-15 16:27:56,6871543.0,6873347.0,2021-04-15 16:27:56.626
2021-04-15 16:27:57,6872438.0,6873347.0,2021-04-15 16:27:57.664
2021-04-15 16:27:58,6872438.0,6873347.0,2021-04-15 16:27:58.709
2021-04-15 16:27:59,6872214.0,6873347.0,2021-04-15 16:27:59.736
2021-04-15 16:28:00,6872477.0,6873347.0,2021-04-15 16:28:00.750
2021-04-15 16:28:01,6872468.0,6873347.0,2021-04-15 16:28:01.776
2021-04-15 16:28:02,6872401.0,6874839.0,2021-04-15 16:28:02.794
2021-04-15 16:28:03,6873618.0,6874839.0,2021-04-15 16:28:03.811
2021-04-15 16:28:04,6873741.0,6874839.0,2021-04-15 16:28:04.831
2021-04-15 16:28:06,6873741.0,6874727.0,2021-04-15 16:28:06.139
2021-04-15 16:28:07,6874381.0,6874727.0,2021-04-15 16:28:07.156
2021-04-15 16:28:08,6874381.0,6874727.0,2021-04-15 16:28:08.188
2021-04-15 16:28:09,6874304.0,6874727.0,2021-04-15 16:28:09.247
2021-04-15 16:28:10,6874610.0,6874727.0,2021-04-15 16:28:10.327
2021-04-15 16:28:11,6874610.0,6874727.0,2021-04-15 16:28:11.363
2021-04-15 16:28:12,6874610.0,6874794.0,2021-04-15 16:28:12.438
2021-04-15 16:28:13,6874610.0,6874794.0,2021-04-15 16:28:13.462
2021-04-15 16:28:14,6874610.0,6874585.0,2021-04-15 16:28:14.493
2021-04-15 16:28:15,6875001.0,6874585.0,2021-04-15 16:28:15.518
2021-04-15 16:28:16,6875001.0,6874585.0,2021-04-15 16:28:16.667
2021-04-15 16:28:17,6876636.0,6876417.0,2021-04-15 16:28:17.693
2021-04-15 16:28:18,6876791.0,6876700.0,2021-04-15 16:28:18.716
2021-04-15 16:28:19,6877215.0,6877215.0,2021-04-15 16:28:19.760
2021-04-15 16:28:20,6877886.0,6877703.0,2021-04-15 16:28:20.769
2021-04-15 16:28:21,6877892.0,6877703.0,2021-04-15 16:28:21.808
2021-04-15 16:28:22,6878050.0,6877934.0,2021-04-15 16:28:22.854
2021-04-15 16:28:23,6878050.0,6877934.0,2021-04-15 16:28:23.871
2021-04-15 16:28:24,6878050.0,6877934.0,2021-04-15 16:28:24.968
2021-04-15 16:28:25,6878050.0,6877934.0,2021-04-15 16:28:25.986
2021-04-15 16:28:27,6877518.0,6877934.0,2021-04-15 16:28:27.003
2021-04-15 16:28:28,6878372.0,6877934.0,2021-04-15 16:28:28.026
2021-04-15 16:28:29,6878195.0,6877934.0,2021-04-15 16:28:29.046
2021-04-15 16:28:30,6878195.0,6877934.0,2021-04-15 16:28:30.052
2021-04-15 16:28:31,6878251.0,6877934.0,2021-04-15 16:28:31.071
2021-04-15 16:28:32,6878500.0,6877934.0,2021-04-15 16:28:32.099
2021-04-15 16:28:33,6878525.0,6877934.0,2021-04-15 16:28:33.110
2021-04-15 16:28:34,6878525.0,6879683.0,2021-04-15 16:28:34.116
2021-04-15 16:28:35,6878525.0,6879683.0,2021-04-15 16:28:35.127
2021-04-15 16:28:36,6878525.0,6879683.0,2021-04-15 16:28:36.155
2021-04-15 16:28:37,6878712.0,6879683.0,2021-04-15 16:28:37.272
2021-04-15 16:28:38,6878927.0,6879683.0,2021-04-15 16:28:38.277
2021-04-15 16:28:39,6879037.0,6880593.0,2021-04-15 16:28:39.292
2021-04-15 16:28:40,6879037.0,6881282.0,2021-04-15 16:28:40.301
2021-04-15 16:28:41,6881280.0,6881282.0,2021-04-15 16:28:41.333
2021-04-15 16:28:42,6881288.0,6881282.0,2021-04-15 16:28:42.345
2021-04-15 16:28:43,6881383.0,6881282.0,2021-04-15 16:28:43.350
2021-04-15 16:28:44,6881633.0,6881282.0,2021-04-15 16:28:44.354
2021-04-15 16:28:45,6881633.0,6881282.0,2021-04-15 16:28:45.365
2021-04-15 16:28:46,6881861.0,6881282.0,2021-04-15 16:28:46.413
2021-04-15 16:28:47,6881861.0,6881282.0,2021-04-15 16:28:47.443
2021-04-15 16:28:48,6881861.0,6881282.0,2021-04-15 16:28:48.486
2021-04-15 16:28:49,6880034.0,6881282.0,2021-04-15 16:28:49.505
2021-04-15 16:28:50,6879970.0,6878733.0,2021-04-15 16:28:50.553
2021-04-15 16:28:51,6877673.0,6878724.0,2021-04-15 16:28:51.766
2021-04-15 16:28:52,6878937.0,6879977.0,2021-04-15 16:28:52.780
2021-04-15 16:28:53,6879094.0,6879927.0,2021-04-15 16:28:53.816
2021-04-15 16:28:54,6879094.0,6879927.0,2021-04-15 16:28:54.862
2021-04-15 16:28:55,6879094.0,6879927.0,2021-04-15 16:28:55.909
2021-04-15 16:28:56,6879125.0,6879927.0,2021-04-15 16:28:56.915
2021-04-15 16:28:57,6880014.0,6880344.0,2021-04-15 16:28:57.922
2021-04-15 16:28:58,6880429.0,6880344.0,2021-04-15 16:28:58.955
2021-04-15 16:29:00,6881147.0,6882157.0,2021-04-15 16:28:59.997
2021-04-15 16:29:01,6881328.0,6882157.0,2021-04-15 16:29:01.013
2021-04-15 16:29:02,6881328.0,6882070.0,2021-04-15 16:29:02.034
2021-04-15 16:29:03,6881328.0,6881914.0,2021-04-15 16:29:03.042
2021-04-15 16:29:04,6881328.0,6881914.0,2021-04-15 16:29:04.052
2021-04-15 16:29:05,6881328.0,6881914.0,2021-04-15 16:29:05.108
2021-04-15 16:29:06,6881328.0,6881914.0,2021-04-15 16:29:06.162
2021-04-15 16:29:07,6881440.0,6881914.0,2021-04-15 16:29:07.238
2021-04-15 16:29:08,6882434.0,6882418.0,2021-04-15 16:29:08.278
2021-04-15 16:29:09,6881804.0,6882418.0,2021-04-15 16:29:09.283
2021-04-15 16:29:10,6881804.0,6882418.0,2021-04-15 16:29:10.314
2021-04-15 16:29:11,6881804.0,6885373.0,2021-04-15 16:29:11.326
2021-04-15 16:29:12,6884498.0,6885852.0,2021-04-15 16:29:12.412
2021-04-15 16:29:13,6884634.0,6885692.0,2021-04-15 16:29:13.430
2021-04-15 16:29:14,6884634.0,6885692.0,2021-04-15 16:29:14.482
2021-04-15 16:29:15,6884660.0,6885852.0,2021-04-15 16:29:15.514
2021-04-15 16:29:16,6884660.0,6885852.0,2021-04-15 16:29:16.630
2021-04-15 16:29:17,6885854.0,6885852.0,2021-04-15 16:29:17.646
2021-04-15 16:29:18,6885869.0,6885852.0,2021-04-15 16:29:18.673
2021-04-15 16:29:19,6884755.0,6885852.0,2021-04-15 16:29:19.730
2021-04-15 16:29:20,6883412.0,6883528.0,2021-04-15 16:29:20.743
2021-04-15 16:29:21,6881524.0,6883100.0,2021-04-15 16:29:21.873
2021-04-15 16:29:22,6880306.0,6883343.0,2021-04-15 16:29:22.946
2021-04-15 16:29:24,6880306.0,6883036.0,2021-04-15 16:29:24.029
2021-04-15 16:29:25,6880162.0,6882496.0,2021-04-15 16:29:25.065
2021-04-15 16:29:26,6880396.0,6882495.0,2021-04-15 16:29:26.082
2021-04-15 16:29:27,6878801.0,6879803.0,2021-04-15 16:29:27.122
2021-04-15 16:29:28,6878740.0,6879979.0,2021-04-15 16:29:28.802
2021-04-15 16:29:29,6877767.0,6879510.0,2021-04-15 16:29:29.808
2021-04-15 16:29:30,6877231.0,6878132.0,2021-04-15 16:29:30.849
2021-04-15 16:29:32,6877231.0,6877438.0,2021-04-15 16:29:31.944
2021-04-15 16:29:33,6878880.0,6879632.0,2021-04-15 16:29:33.023
2021-04-15 16:29:34,6878880.0,6879632.0,2021-04-15 16:29:34.064
2021-04-15 16:29:35,6878880.0,6879497.0,2021-04-15 16:29:35.087
2021-04-15 16:29:36,6877558.0,6879353.0,2021-04-15 16:29:36.113
2021-04-15 16:29:37,6877558.0,6878237.0,2021-04-15 16:29:37.174
2021-04-15 16:29:38,6877558.0,6878237.0,2021-04-15 16:29:38.315
2021-04-15 16:29:39,6878657.0,6880560.0,2021-04-15 16:29:39.334
2021-04-15 16:29:40,6879343.0,6880560.0,2021-04-15 16:29:40.344
2021-04-15 16:29:41,6882499.0,6882478.0,2021-04-15 16:29:41.353
2021-04-15 16:29:42,6882473.0,6882478.0,2021-04-15 16:29:42.392
2021-04-15 16:29:43,6882471.0,6881749.0,2021-04-15 16:29:43.433
2021-04-15 16:29:44,6882471.0,6881749.0,2021-04-15 16:29:44.478
2021-04-15 16:29:45,6882678.0,6881749.0,2021-04-15 16:29:45.585
2021-04-15 16:29:46,6882877.0,6881749.0,2021-04-15 16:29:46.593
2021-04-15 16:29:47,6882877.0,6881749.0,2021-04-15 16:29:47.630
2021-04-15 16:29:48,6882553.0,6881749.0,2021-04-15 16:29:48.738
2021-04-15 16:29:49,6882554.0,6881749.0,2021-04-15 16:29:49.761
2021-04-15 16:29:50,6882655.0,6881749.0,2021-04-15 16:29:50.800
2021-04-15 16:29:51,6882833.0,6881749.0,2021-04-15 16:29:51.834
2021-04-15 16:29:52,6882833.0,6881749.0,2021-04-15 16:29:52.850
2021-04-15 16:29:53,6882833.0,6881749.0,2021-04-15 16:29:53.890
2021-04-15 16:29:54,6882833.0,6881749.0,2021-04-15 16:29:54.952
2021-04-15 16:29:56,6882833.0,6881749.0,2021-04-15 16:29:55.989
2021-04-15 16:29:57,6882833.0,6881749.0,2021-04-15 16:29:57.083
2021-04-15 16:29:58,6882833.0,6881749.0,2021-04-15 16:29:58.131
2021-04-15 16:29:59,6882471.0,6881749.0,2021-04-15 16:29:59.173
2021-04-15 16:30:00,6882471.0,6881749.0,2021-04-15 16:30:00.199
2021-04-15 16:30:01,6882502.0,6881749.0,2021-04-15 16:30:01.254
2021-04-15 16:30:02,6882471.0,6881749.0,2021-04-15 16:30:02.286
2021-04-15 16:30:03,6882483.0,6881749.0,2021-04-15 16:30:03.331
2021-04-15 16:30:04,6882942.0,6881749.0,2021-04-15 16:30:04.378
2021-04-15 16:30:05,6883115.0,6881749.0,2021-04-15 16:30:05.404
2021-04-15 16:30:06,6883115.0,6881749.0,2021-04-15 16:30:06.459
2021-04-15 16:30:07,6883115.0,6881749.0,2021-04-15 16:30:07.479
2021-04-15 16:30:08,6883236.0,6881749.0,2021-04-15 16:30:08.639
2021-04-15 16:30:09,6883277.0,6881749.0,2021-04-15 16:30:09.659
2021-04-15 16:30:10,6883278.0,6881749.0,2021-04-15 16:30:10.670
2021-04-15 16:30:11,6883279.0,6881749.0,2021-04-15 16:30:11.718
2021-04-15 16:30:12,6883281.0,6881749.0,2021-04-15 16:30:12.762
2021-04-15 16:30:13,6883289.0,6881749.0,2021-04-15 16:30:13.782
2021-04-15 16:30:14,6883289.0,6881749.0,2021-04-15 16:30:14.849
2021-04-15 16:30:15,6883327.0,6881749.0,2021-04-15 16:30:15.879
2021-04-15 16:30:16,6883328.0,6881749.0,2021-04-15 16:30:16.911
2021-04-15 16:30:17,6883370.0,6881749.0,2021-04-15 16:30:17.962
2021-04-15 16:30:19,6883517.0,6883294.0,2021-04-15 16:30:19.007
2021-04-15 16:30:20,6883517.0,6883325.0,2021-04-15 16:30:20.046
2021-04-15 16:30:21,6883517.0,6883193.0,2021-04-15 16:30:21.063
2021-04-15 16:30:22,6883517.0,6883193.0,2021-04-15 16:30:22.107
2021-04-15 16:30:23,6883517.0,6883193.0,2021-04-15 16:30:23.122
2021-04-15 16:30:24,6883517.0,6883193.0,2021-04-15 16:30:24.138
2021-04-15 16:30:25,6883517.0,6883193.0,2021-04-15 16:30:25.154
2021-04-15 16:30:26,6883517.0,6883929.0,2021-04-15 16:30:26.164
2021-04-15 16:30:27,6883517.0,6883929.0,2021-04-15 16:30:27.185
2021-04-15 16:30:28,6883517.0,6883929.0,2021-04-15 16:30:28.231
2021-04-15 16:30:29,6883383.0,6883929.0,2021-04-15 16:30:29.283
2021-04-15 16:30:30,6883511.0,6883929.0,2021-04-15 16:30:30.364
2021-04-15 16:30:31,6883511.0,6883929.0,2021-04-15 16:30:31.428
2021-04-15 16:30:32,6879990.0,6883929.0,2021-04-15 16:30:32.590
2021-04-15 16:30:33,6878419.0,6879040.0,2021-04-15 16:30:33.621
2021-04-15 16:30:34,6878516.0,6879810.0,2021-04-15 16:30:34.646
2021-04-15 16:30:35,6879333.0,6879115.0,2021-04-15 16:30:35.672
2021-04-15 16:30:36,6879333.0,6879115.0,2021-04-15 16:30:36.700
2021-04-15 16:30:37,6879333.0,6879115.0,2021-04-15 16:30:37.720
2021-04-15 16:30:38,6878426.0,6879115.0,2021-04-15 16:30:38.775
2021-04-15 16:30:39,6878426.0,6879115.0,2021-04-15 16:30:39.813
2021-04-15 16:30:40,6878426.0,6878347.0,2021-04-15 16:30:40.832
2021-04-15 16:30:41,6877323.0,6878347.0,2021-04-15 16:30:41.861
2021-04-15 16:30:42,6878751.0,6878425.0,2021-04-15 16:30:42.875
2021-04-15 16:30:43,6876726.0,6878400.0,2021-04-15 16:30:43.889
2021-04-15 16:30:44,6876726.0,6878225.0,2021-04-15 16:30:44.902
2021-04-15 16:30:45,6876726.0,6877504.0,2021-04-15 16:30:45.927
2021-04-15 16:30:46,6876744.0,6877504.0,2021-04-15 16:30:46.974
2021-04-15 16:30:48,6876744.0,6877082.0,2021-04-15 16:30:48.041
2021-04-15 16:30:49,6876659.0,6877082.0,2021-04-15 16:30:49.062
2021-04-15 16:30:50,6876659.0,6877082.0,2021-04-15 16:30:50.084
2021-04-15 16:30:51,6876702.0,6877082.0,2021-04-15 16:30:51.099
2021-04-15 16:30:52,6876702.0,6877082.0,2021-04-15 16:30:52.150
2021-04-15 16:30:53,6876742.0,6877082.0,2021-04-15 16:30:53.185
2021-04-15 16:30:54,6877035.0,6877082.0,2021-04-15 16:30:54.264
2021-04-15 16:30:55,6878017.0,6877082.0,2021-04-15 16:30:55.316
2021-04-15 16:30:56,6878017.0,6877082.0,2021-04-15 16:30:56.320
2021-04-15 16:30:57,6878017.0,6877082.0,2021-04-15 16:30:57.329
2021-04-15 16:30:58,6878017.0,6877082.0,2021-04-15 16:30:58.350
2021-04-15 16:30:59,6878091.0,6877082.0,2021-04-15 16:30:59.382
2021-04-15 16:31:00,6878157.0,6877082.0,2021-04-15 16:31:00.466
2021-04-15 16:31:01,6877207.0,6877082.0,2021-04-15 16:31:01.488
2021-04-15 16:31:02,6877207.0,6877929.0,2021-04-15 16:31:02.506
2021-04-15 16:31:03,6877207.0,6877929.0,2021-04-15 16:31:03.588
2021-04-15 16:31:04,6877207.0,6877929.0,2021-04-15 16:31:04.616
2021-04-15 16:31:05,6877207.0,6877929.0,2021-04-15 16:31:05.624
2021-04-15 16:31:06,6877207.0,6877929.0,2021-04-15 16:31:06.628
2021-04-15 16:31:07,6876750.0,6877848.0,2021-04-15 16:31:07.640
2021-04-15 16:31:08,6876750.0,6875235.0,2021-04-15 16:31:08.675
2021-04-15 16:31:09,6874990.0,6874877.0,2021-04-15 16:31:09.695
2021-04-15 16:31:10,6874990.0,6874819.0,2021-04-15 16:31:10.719
2021-04-15 16:31:11,6874990.0,6874793.0,2021-04-15 16:31:11.759
2021-04-15 16:31:12,6874518.0,6874775.0,2021-04-15 16:31:12.799
2021-04-15 16:31:13,6874582.0,6874516.0,2021-04-15 16:31:13.822
2021-04-15 16:31:14,6874582.0,6874356.0,2021-04-15 16:31:14.829
2021-04-15 16:31:15,6874582.0,6874356.0,2021-04-15 16:31:15.854
2021-04-15 16:31:16,6874582.0,6874356.0,2021-04-15 16:31:16.935
2021-04-15 16:31:17,6874582.0,6874295.0,2021-04-15 16:31:17.959
2021-04-15 16:31:18,6873741.0,6874356.0,2021-04-15 16:31:18.978
2021-04-15 16:31:20,6872657.0,6872657.0,2021-04-15 16:31:20.066
2021-04-15 16:31:21,6872657.0,6872657.0,2021-04-15 16:31:21.072
2021-04-15 16:31:22,6872678.0,6872657.0,2021-04-15 16:31:22.124
2021-04-15 16:31:23,6870092.0,6871251.0,2021-04-15 16:31:23.143
2021-04-15 16:31:24,6870092.0,6871251.0,2021-04-15 16:31:24.174
2021-04-15 16:31:25,6870129.0,6871251.0,2021-04-15 16:31:25.217
2021-04-15 16:31:26,6870129.0,6871251.0,2021-04-15 16:31:26.233
2021-04-15 16:31:27,6870129.0,6871251.0,2021-04-15 16:31:27.265
2021-04-15 16:31:28,6870232.0,6871251.0,2021-04-15 16:31:28.288
2021-04-15 16:31:29,6870059.0,6871251.0,2021-04-15 16:31:29.299
2021-04-15 16:31:30,6870232.0,6871251.0,2021-04-15 16:31:30.324
2021-04-15 16:31:31,6870232.0,6871149.0,2021-04-15 16:31:31.400
2021-04-15 16:31:32,6867989.0,6869768.0,2021-04-15 16:31:32.406
2021-04-15 16:31:33,6868344.0,6869768.0,2021-04-15 16:31:33.415
2021-04-15 16:31:34,6871211.0,6869845.0,2021-04-15 16:31:34.424
2021-04-15 16:31:35,6870036.0,6869845.0,2021-04-15 16:31:35.444
2021-04-15 16:31:36,6870004.0,6869479.0,2021-04-15 16:31:36.465
2021-04-15 16:31:37,6870004.0,6869479.0,2021-04-15 16:31:37.487
2021-04-15 16:31:38,6870004.0,6869479.0,2021-04-15 16:31:38.526
2021-04-15 16:31:39,6868826.0,6869479.0,2021-04-15 16:31:39.548
2021-04-15 16:31:40,6868826.0,6869479.0,2021-04-15 16:31:40.608
2021-04-15 16:31:41,6868826.0,6869479.0,2021-04-15 16:31:41.641
2021-04-15 16:31:42,6868826.0,6871026.0,2021-04-15 16:31:42.649
2021-04-15 16:31:43,6870166.0,6871391.0,2021-04-15 16:31:43.671
2021-04-15 16:31:44,6870496.0,6871729.0,2021-04-15 16:31:44.686
2021-04-15 16:31:45,6870496.0,6871605.0,2021-04-15 16:31:45.711
2021-04-15 16:31:46,6871605.0,6871730.0,2021-04-15 16:31:46.719
2021-04-15 16:31:47,6870886.0,6871730.0,2021-04-15 16:31:47.733
2021-04-15 16:31:48,6870548.0,6871730.0,2021-04-15 16:31:48.797
2021-04-15 16:31:49,6870751.0,6871730.0,2021-04-15 16:31:49.821
2021-04-15 16:31:50,6870751.0,6871730.0,2021-04-15 16:31:50.836
2021-04-15 16:31:51,6872609.0,6872511.0,2021-04-15 16:31:51.852
2021-04-15 16:31:52,6872609.0,6872154.0,2021-04-15 16:31:52.886
2021-04-15 16:31:53,6872609.0,6872154.0,2021-04-15 16:31:53.889
2021-04-15 16:31:55,6872609.0,6872154.0,2021-04-15 16:31:55.014
2021-04-15 16:31:56,6872609.0,6872154.0,2021-04-15 16:31:56.026
2021-04-15 16:31:57,6872609.0,6872154.0,2021-04-15 16:31:57.030
2021-04-15 16:31:58,6872609.0,6872154.0,2021-04-15 16:31:58.042
2021-04-15 16:31:59,6870972.0,6872154.0,2021-04-15 16:31:59.076
2021-04-15 16:32:00,6870972.0,6872154.0,2021-04-15 16:32:00.200
2021-04-15 16:32:01,6870972.0,6872154.0,2021-04-15 16:32:01.224
2021-04-15 16:32:02,6871470.0,6873633.0,2021-04-15 16:32:02.271
2021-04-15 16:32:03,6871470.0,6873633.0,2021-04-15 16:32:03.294
2021-04-15 16:32:04,6871470.0,6873633.0,2021-04-15 16:32:04.463
2021-04-15 16:32:05,6871470.0,6872954.0,2021-04-15 16:32:05.473
2021-04-15 16:32:06,6871470.0,6872783.0,2021-04-15 16:32:06.489
2021-04-15 16:32:07,6872900.0,6872783.0,2021-04-15 16:32:07.545
2021-04-15 16:32:08,6872965.0,6872783.0,2021-04-15 16:32:08.549
2021-04-15 16:32:09,6872900.0,6872783.0,2021-04-15 16:32:09.614
2021-04-15 16:32:10,6872900.0,6872783.0,2021-04-15 16:32:10.720
2021-04-15 16:32:11,6873067.0,6872783.0,2021-04-15 16:32:11.772
2021-04-15 16:32:12,6873103.0,6872783.0,2021-04-15 16:32:12.787
2021-04-15 16:32:13,6873103.0,6872783.0,2021-04-15 16:32:13.841
2021-04-15 16:32:14,6873103.0,6872783.0,2021-04-15 16:32:14.853
2021-04-15 16:32:15,6873103.0,6872783.0,2021-04-15 16:32:15.905
2021-04-15 16:32:16,6873103.0,6872783.0,2021-04-15 16:32:16.954
2021-04-15 16:32:18,6873103.0,6872783.0,2021-04-15 16:32:18.102
2021-04-15 16:32:19,6872900.0,6872783.0,2021-04-15 16:32:19.121
2021-04-15 16:32:20,6872900.0,6872635.0,2021-04-15 16:32:20.221
2021-04-15 16:32:21,6872400.0,6871975.0,2021-04-15 16:32:21.228
2021-04-15 16:32:22,6872400.0,6871975.0,2021-04-15 16:32:22.239
2021-04-15 16:32:23,6870027.0,6870395.0,2021-04-15 16:32:23.269
2021-04-15 16:32:24,6870027.0,6870395.0,2021-04-15 16:32:24.305
2021-04-15 16:32:25,6870027.0,6871001.0,2021-04-15 16:32:25.313
2021-04-15 16:32:26,6870314.0,6870767.0,2021-04-15 16:32:26.324
2021-04-15 16:32:27,6870314.0,6870767.0,2021-04-15 16:32:27.341
2021-04-15 16:32:28,6870314.0,6870601.0,2021-04-15 16:32:28.363
2021-04-15 16:32:29,6869114.0,6870601.0,2021-04-15 16:32:29.411
2021-04-15 16:32:30,6869114.0,6870601.0,2021-04-15 16:32:30.421
2021-04-15 16:32:31,6868504.0,6868395.0,2021-04-15 16:32:31.458
2021-04-15 16:32:32,6868504.0,6868395.0,2021-04-15 16:32:32.501
2021-04-15 16:32:33,6868379.0,6868395.0,2021-04-15 16:32:33.516
2021-04-15 16:32:34,6868379.0,6868395.0,2021-04-15 16:32:34.543
2021-04-15 16:32:35,6868538.0,6868395.0,2021-04-15 16:32:35.572
2021-04-15 16:32:36,6868538.0,6868395.0,2021-04-15 16:32:36.588
2021-04-15 16:32:37,6868376.0,6868150.0,2021-04-15 16:32:37.615
2021-04-15 16:32:38,6867269.0,6867768.0,2021-04-15 16:32:38.701
2021-04-15 16:32:39,6867269.0,6867269.0,2021-04-15 16:32:39.724
2021-04-15 16:32:40,6867269.0,6867066.0,2021-04-15 16:32:40.755
2021-04-15 16:32:41,6867269.0,6867066.0,2021-04-15 16:32:41.778
2021-04-15 16:32:42,6867269.0,6866830.0,2021-04-15 16:32:42.794
2021-04-15 16:32:43,6867269.0,6866821.0,2021-04-15 16:32:43.832
2021-04-15 16:32:44,6867269.0,6866821.0,2021-04-15 16:32:44.871
2021-04-15 16:32:45,6867269.0,6866821.0,2021-04-15 16:32:45.949
2021-04-15 16:32:47,6867269.0,6866821.0,2021-04-15 16:32:47.171
2021-04-15 16:32:48,6867269.0,6866821.0,2021-04-15 16:32:48.201
2021-04-15 16:32:49,6868465.0,6867725.0,2021-04-15 16:32:49.223
2021-04-15 16:32:50,6866796.0,6867725.0,2021-04-15 16:32:50.322
2021-04-15 16:32:51,6866796.0,6867725.0,2021-04-15 16:32:51.343
2021-04-15 16:32:52,6866822.0,6867725.0,2021-04-15 16:32:52.393
2021-04-15 16:32:53,6866796.0,6866571.0,2021-04-15 16:32:53.412
2021-04-15 16:32:54,6866796.0,6866272.0,2021-04-15 16:32:54.422
2021-04-15 16:32:55,6866796.0,6866145.0,2021-04-15 16:32:55.437
2021-04-15 16:32:56,6866796.0,6866145.0,2021-04-15 16:32:56.477
2021-04-15 16:32:57,6866796.0,6866145.0,2021-04-15 16:32:57.513
2021-04-15 16:32:58,6866796.0,6866145.0,2021-04-15 16:32:58.531
2021-04-15 16:32:59,6865937.0,6866145.0,2021-04-15 16:32:59.587
2021-04-15 16:33:00,6865937.0,6866018.0,2021-04-15 16:33:00.592
2021-04-15 16:33:01,6865251.0,6866018.0,2021-04-15 16:33:01.610
2021-04-15 16:33:02,6865251.0,6866018.0,2021-04-15 16:33:02.637
2021-04-15 16:33:03,6865251.0,6866432.0,2021-04-15 16:33:03.646
2021-04-15 16:33:04,6865251.0,6866432.0,2021-04-15 16:33:04.696
2021-04-15 16:33:05,6865251.0,6866208.0,2021-04-15 16:33:05.701
2021-04-15 16:33:06,6865251.0,6865880.0,2021-04-15 16:33:06.708
2021-04-15 16:33:07,6865251.0,6865790.0,2021-04-15 16:33:07.742
2021-04-15 16:33:08,6865251.0,6865372.0,2021-04-15 16:33:08.747
2021-04-15 16:33:09,6865005.0,6865372.0,2021-04-15 16:33:09.779
2021-04-15 16:33:10,6865078.0,6865372.0,2021-04-15 16:33:10.798
2021-04-15 16:33:11,6865078.0,6865372.0,2021-04-15 16:33:11.874
2021-04-15 16:33:12,6865335.0,6865372.0,2021-04-15 16:33:12.892
2021-04-15 16:33:14,6865335.0,6866271.0,2021-04-15 16:33:13.999
2021-04-15 16:33:15,6865335.0,6866177.0,2021-04-15 16:33:15.056
2021-04-15 16:33:16,6865335.0,6866015.0,2021-04-15 16:33:16.064
2021-04-15 16:33:17,6865411.0,6866015.0,2021-04-15 16:33:17.068
2021-04-15 16:33:18,6865411.0,6866015.0,2021-04-15 16:33:18.119
2021-04-15 16:33:19,6865411.0,6866015.0,2021-04-15 16:33:19.129
2021-04-15 16:33:20,6865411.0,6866015.0,2021-04-15 16:33:20.141
2021-04-15 16:33:21,6865335.0,6866015.0,2021-04-15 16:33:21.162
2021-04-15 16:33:22,6865510.0,6866846.0,2021-04-15 16:33:22.185
2021-04-15 16:33:23,6865644.0,6866846.0,2021-04-15 16:33:23.213
2021-04-15 16:33:24,6865644.0,6866846.0,2021-04-15 16:33:24.234
2021-04-15 16:33:25,6865644.0,6866837.0,2021-04-15 16:33:25.249
2021-04-15 16:33:26,6865644.0,6866837.0,2021-04-15 16:33:26.274
2021-04-15 16:33:27,6865644.0,6866837.0,2021-04-15 16:33:27.295
2021-04-15 16:33:28,6865644.0,6866837.0,2021-04-15 16:33:28.340
2021-04-15 16:33:29,6865335.0,6866693.0,2021-04-15 16:33:29.358
2021-04-15 16:33:30,6865454.0,6866693.0,2021-04-15 16:33:30.363
2021-04-15 16:33:31,6865454.0,6866693.0,2021-04-15 16:33:31.383
2021-04-15 16:33:32,6865579.0,6866847.0,2021-04-15 16:33:32.466
2021-04-15 16:33:33,6865579.0,6866847.0,2021-04-15 16:33:33.485
2021-04-15 16:33:34,6866877.0,6866847.0,2021-04-15 16:33:34.515
2021-04-15 16:33:35,6866877.0,6867106.0,2021-04-15 16:33:35.528
2021-04-15 16:33:36,6866906.0,6867106.0,2021-04-15 16:33:36.590
2021-04-15 16:33:37,6867170.0,6867106.0,2021-04-15 16:33:37.601
2021-04-15 16:33:38,6867170.0,6867106.0,2021-04-15 16:33:38.698
2021-04-15 16:33:39,6865525.0,6867106.0,2021-04-15 16:33:39.706
2021-04-15 16:33:40,6865644.0,6867106.0,2021-04-15 16:33:40.778
2021-04-15 16:33:41,6865644.0,6867063.0,2021-04-15 16:33:41.815
2021-04-15 16:33:42,6865644.0,6867063.0,2021-04-15 16:33:42.848
2021-04-15 16:33:43,6863739.0,6863653.0,2021-04-15 16:33:43.864
2021-04-15 16:33:44,6863739.0,6863653.0,2021-04-15 16:33:44.908
2021-04-15 16:33:45,6863739.0,6863653.0,2021-04-15 16:33:45.954
2021-04-15 16:33:46,6863739.0,6863653.0,2021-04-15 16:33:46.986
2021-04-15 16:33:48,6864384.0,6863653.0,2021-04-15 16:33:48.028
2021-04-15 16:33:49,6863847.0,6863653.0,2021-04-15 16:33:49.065
2021-04-15 16:33:50,6863974.0,6863653.0,2021-04-15 16:33:50.087
2021-04-15 16:33:51,6864113.0,6863653.0,2021-04-15 16:33:51.114
2021-04-15 16:33:52,6865360.0,6863653.0,2021-04-15 16:33:52.143
2021-04-15 16:33:53,6865360.0,6863653.0,2021-04-15 16:33:53.170
2021-04-15 16:33:54,6865360.0,6863653.0,2021-04-15 16:33:54.251
2021-04-15 16:33:55,6865386.0,6863653.0,2021-04-15 16:33:55.413
2021-04-15 16:33:56,6865386.0,6863653.0,2021-04-15 16:33:56.423
2021-04-15 16:33:57,6865386.0,6863653.0,2021-04-15 16:33:57.451
2021-04-15 16:33:58,6865386.0,6863653.0,2021-04-15 16:33:58.541
2021-04-15 16:33:59,6865360.0,6863653.0,2021-04-15 16:33:59.590
2021-04-15 16:34:00,6865360.0,6863653.0,2021-04-15 16:34:00.604
2021-04-15 16:34:01,6865360.0,6863653.0,2021-04-15 16:34:01.616
2021-04-15 16:34:02,6865360.0,6866482.0,2021-04-15 16:34:02.675
2021-04-15 16:34:03,6864113.0,6866482.0,2021-04-15 16:34:03.817
2021-04-15 16:34:04,6864295.0,6866482.0,2021-04-15 16:34:04.834
2021-04-15 16:34:05,6864304.0,6866482.0,2021-04-15 16:34:05.857
2021-04-15 16:34:06,6864973.0,6866482.0,2021-04-15 16:34:06.861
2021-04-15 16:34:07,6865577.0,6866482.0,2021-04-15 16:34:07.880
2021-04-15 16:34:08,6866022.0,6866482.0,2021-04-15 16:34:08.910
2021-04-15 16:34:09,6866813.0,6866482.0,2021-04-15 16:34:09.930
2021-04-15 16:34:10,6866865.0,6866482.0,2021-04-15 16:34:10.979
2021-04-15 16:34:12,6866865.0,6866482.0,2021-04-15 16:34:12.003
2021-04-15 16:34:13,6866865.0,6866482.0,2021-04-15 16:34:13.035
2021-04-15 16:34:14,6866865.0,6866482.0,2021-04-15 16:34:14.087
2021-04-15 16:34:15,6866865.0,6866482.0,2021-04-15 16:34:15.151
2021-04-15 16:34:16,6866865.0,6867907.0,2021-04-15 16:34:16.192
2021-04-15 16:34:17,6866865.0,6867808.0,2021-04-15 16:34:17.208
2021-04-15 16:34:18,6864973.0,6864904.0,2021-04-15 16:34:18.221
2021-04-15 16:34:19,6864477.0,6864861.0,2021-04-15 16:34:19.236
2021-04-15 16:34:20,6864477.0,6864861.0,2021-04-15 16:34:20.256
2021-04-15 16:34:21,6864477.0,6864861.0,2021-04-15 16:34:21.280
2021-04-15 16:34:22,6864477.0,6864861.0,2021-04-15 16:34:22.301
2021-04-15 16:34:23,6864477.0,6864861.0,2021-04-15 16:34:23.342
2021-04-15 16:34:24,6864477.0,6864861.0,2021-04-15 16:34:24.368
2021-04-15 16:34:25,6864477.0,6864861.0,2021-04-15 16:34:25.428
2021-04-15 16:34:26,6864477.0,6864861.0,2021-04-15 16:34:26.487
2021-04-15 16:34:27,6864477.0,6864861.0,2021-04-15 16:34:27.532
2021-04-15 16:34:28,6864477.0,6864385.0,2021-04-15 16:34:28.555
2021-04-15 16:34:29,6863739.0,6863656.0,2021-04-15 16:34:29.641
2021-04-15 16:34:30,6863739.0,6863626.0,2021-04-15 16:34:30.698
2021-04-15 16:34:31,6863739.0,6863626.0,2021-04-15 16:34:31.702
2021-04-15 16:34:32,6863739.0,6863626.0,2021-04-15 16:34:32.737
2021-04-15 16:34:33,6863739.0,6863626.0,2021-04-15 16:34:33.750
2021-04-15 16:34:34,6863739.0,6863626.0,2021-04-15 16:34:34.822
2021-04-15 16:34:35,6863739.0,6863626.0,2021-04-15 16:34:35.876
2021-04-15 16:34:36,6863739.0,6863626.0,2021-04-15 16:34:36.894
2021-04-15 16:34:38,6863739.0,6863626.0,2021-04-15 16:34:38.057
2021-04-15 16:34:39,6863347.0,6863626.0,2021-04-15 16:34:39.071
2021-04-15 16:34:40,6862500.0,6863352.0,2021-04-15 16:34:40.082
2021-04-15 16:34:41,6862678.0,6862489.0,2021-04-15 16:34:41.107
2021-04-15 16:34:42,6862237.0,6861418.0,2021-04-15 16:34:42.127
2021-04-15 16:34:43,6862237.0,6861418.0,2021-04-15 16:34:43.140
2021-04-15 16:34:44,6862237.0,6861418.0,2021-04-15 16:34:44.204
2021-04-15 16:34:45,6860074.0,6861418.0,2021-04-15 16:34:45.210
2021-04-15 16:34:46,6860289.0,6861418.0,2021-04-15 16:34:46.219
2021-04-15 16:34:47,6860289.0,6861418.0,2021-04-15 16:34:47.240
2021-04-15 16:34:48,6860289.0,6861418.0,2021-04-15 16:34:48.255
2021-04-15 16:34:49,6859252.0,6861418.0,2021-04-15 16:34:49.272
2021-04-15 16:34:50,6859300.0,6861418.0,2021-04-15 16:34:50.281
2021-04-15 16:34:51,6859300.0,6861418.0,2021-04-15 16:34:51.317
2021-04-15 16:34:52,6859300.0,6861418.0,2021-04-15 16:34:52.324
2021-04-15 16:34:53,6859332.0,6861418.0,2021-04-15 16:34:53.329
2021-04-15 16:34:54,6859342.0,6861418.0,2021-04-15 16:34:54.427
2021-04-15 16:34:55,6859342.0,6861418.0,2021-04-15 16:34:55.536
2021-04-15 16:34:56,6862897.0,6861953.0,2021-04-15 16:34:56.553
2021-04-15 16:34:57,6862897.0,6861953.0,2021-04-15 16:34:57.578
2021-04-15 16:34:58,6862897.0,6861953.0,2021-04-15 16:34:58.609
2021-04-15 16:34:59,6862845.0,6864073.0,2021-04-15 16:34:59.684
2021-04-15 16:35:00,6863353.0,6864072.0,2021-04-15 16:35:00.707
2021-04-15 16:35:01,6863518.0,6864999.0,2021-04-15 16:35:01.711
2021-04-15 16:35:02,6863518.0,6864612.0,2021-04-15 16:35:02.740
2021-04-15 16:35:03,6863518.0,6864612.0,2021-04-15 16:35:03.768
2021-04-15 16:35:04,6863518.0,6865229.0,2021-04-15 16:35:04.785
2021-04-15 16:35:05,6863816.0,6865600.0,2021-04-15 16:35:05.791
2021-04-15 16:35:06,6863816.0,6865364.0,2021-04-15 16:35:06.857
2021-04-15 16:35:07,6863816.0,6865364.0,2021-04-15 16:35:07.958
2021-04-15 16:35:08,6863576.0,6865364.0,2021-04-15 16:35:08.983
2021-04-15 16:35:10,6863576.0,6865364.0,2021-04-15 16:35:09.995
2021-04-15 16:35:11,6863589.0,6865612.0,2021-04-15 16:35:11.034
2021-04-15 16:35:12,6863589.0,6865623.0,2021-04-15 16:35:12.040
2021-04-15 16:35:13,6863589.0,6865266.0,2021-04-15 16:35:13.074
2021-04-15 16:35:14,6863589.0,6865266.0,2021-04-15 16:35:14.164
2021-04-15 16:35:15,6863589.0,6865266.0,2021-04-15 16:35:15.191
2021-04-15 16:35:16,6863975.0,6865266.0,2021-04-15 16:35:16.214
2021-04-15 16:35:17,6863975.0,6865266.0,2021-04-15 16:35:17.245
2021-04-15 16:35:18,6863975.0,6865266.0,2021-04-15 16:35:18.251
2021-04-15 16:35:19,6864792.0,6865266.0,2021-04-15 16:35:19.280
2021-04-15 16:35:20,6865045.0,6865266.0,2021-04-15 16:35:20.307
2021-04-15 16:35:21,6865166.0,6865266.0,2021-04-15 16:35:21.325
2021-04-15 16:35:22,6865166.0,6866074.0,2021-04-15 16:35:22.346
2021-04-15 16:35:23,6865166.0,6866074.0,2021-04-15 16:35:23.371
2021-04-15 16:35:24,6865166.0,6865934.0,2021-04-15 16:35:24.394
2021-04-15 16:35:25,6865166.0,6865929.0,2021-04-15 16:35:25.410
2021-04-15 16:35:26,6862394.0,6865922.0,2021-04-15 16:35:26.444
2021-04-15 16:35:27,6862394.0,6864307.0,2021-04-15 16:35:27.659
2021-04-15 16:35:28,6862447.0,6864307.0,2021-04-15 16:35:28.678
2021-04-15 16:35:29,6862447.0,6864297.0,2021-04-15 16:35:29.729
2021-04-15 16:35:30,6862548.0,6864297.0,2021-04-15 16:35:30.742
2021-04-15 16:35:31,6862822.0,6864297.0,2021-04-15 16:35:31.757
2021-04-15 16:35:32,6863310.0,6865318.0,2021-04-15 16:35:32.772
2021-04-15 16:35:33,6864683.0,6864830.0,2021-04-15 16:35:33.779
2021-04-15 16:35:34,6864683.0,6865099.0,2021-04-15 16:35:34.828
2021-04-15 16:35:35,6863133.0,6864895.0,2021-04-15 16:35:35.858
2021-04-15 16:35:36,6863133.0,6864652.0,2021-04-15 16:35:36.870
2021-04-15 16:35:37,6863133.0,6864534.0,2021-04-15 16:35:37.894
2021-04-15 16:35:38,6862582.0,6863083.0,2021-04-15 16:35:38.912
2021-04-15 16:35:39,6862633.0,6863083.0,2021-04-15 16:35:39.930
2021-04-15 16:35:40,6862633.0,6863083.0,2021-04-15 16:35:40.958
2021-04-15 16:35:41,6862858.0,6863083.0,2021-04-15 16:35:41.975
2021-04-15 16:35:43,6862858.0,6863083.0,2021-04-15 16:35:43.022
2021-04-15 16:35:44,6862858.0,6863083.0,2021-04-15 16:35:44.037
2021-04-15 16:35:45,6862858.0,6863083.0,2021-04-15 16:35:45.056
2021-04-15 16:35:46,6862858.0,6863083.0,2021-04-15 16:35:46.127
2021-04-15 16:35:47,6862858.0,6863083.0,2021-04-15 16:35:47.134
2021-04-15 16:35:48,6862858.0,6863024.0,2021-04-15 16:35:48.153
2021-04-15 16:35:49,6862465.0,6863024.0,2021-04-15 16:35:49.206
2021-04-15 16:35:50,6862465.0,6863083.0,2021-04-15 16:35:50.220
2021-04-15 16:35:51,6862465.0,6863083.0,2021-04-15 16:35:51.247
2021-04-15 16:35:52,6862465.0,6862998.0,2021-04-15 16:35:52.333
2021-04-15 16:35:53,6862465.0,6862998.0,2021-04-15 16:35:53.345
2021-04-15 16:35:54,6862465.0,6862984.0,2021-04-15 16:35:54.350
2021-04-15 16:35:55,6862465.0,6862984.0,2021-04-15 16:35:55.362
2021-04-15 16:35:56,6862465.0,6862984.0,2021-04-15 16:35:56.376
2021-04-15 16:35:57,6862465.0,6862984.0,2021-04-15 16:35:57.406
2021-04-15 16:35:58,6862214.0,6862984.0,2021-04-15 16:35:58.415
2021-04-15 16:35:59,6862214.0,6863083.0,2021-04-15 16:35:59.459
2021-04-15 16:36:00,6862214.0,6862983.0,2021-04-15 16:36:00.540
2021-04-15 16:36:01,6862214.0,6862559.0,2021-04-15 16:36:01.619
2021-04-15 16:36:02,6862214.0,6862559.0,2021-04-15 16:36:02.632
2021-04-15 16:36:03,6862306.0,6862559.0,2021-04-15 16:36:03.654
2021-04-15 16:36:04,6862314.0,6862559.0,2021-04-15 16:36:04.686
2021-04-15 16:36:05,6862325.0,6862559.0,2021-04-15 16:36:05.690
2021-04-15 16:36:06,6862325.0,6862559.0,2021-04-15 16:36:06.715
2021-04-15 16:36:07,6862325.0,6862559.0,2021-04-15 16:36:07.728
2021-04-15 16:36:08,6862325.0,6862559.0,2021-04-15 16:36:08.736
2021-04-15 16:36:09,6861518.0,6863192.0,2021-04-15 16:36:09.747
2021-04-15 16:36:10,6861535.0,6863192.0,2021-04-15 16:36:10.754
2021-04-15 16:36:11,6861535.0,6863192.0,2021-04-15 16:36:11.772
2021-04-15 16:36:12,6861535.0,6863192.0,2021-04-15 16:36:12.817
2021-04-15 16:36:13,6861535.0,6863192.0,2021-04-15 16:36:13.823
2021-04-15 16:36:14,6861535.0,6863192.0,2021-04-15 16:36:14.861
2021-04-15 16:36:15,6861535.0,6863192.0,2021-04-15 16:36:15.883
2021-04-15 16:36:17,6861554.0,6863192.0,2021-04-15 16:36:17.014
2021-04-15 16:36:18,6863233.0,6863192.0,2021-04-15 16:36:18.030
2021-04-15 16:36:19,6863242.0,6863192.0,2021-04-15 16:36:19.048
2021-04-15 16:36:20,6863242.0,6863192.0,2021-04-15 16:36:20.091
2021-04-15 16:36:21,6863242.0,6863192.0,2021-04-15 16:36:21.105
2021-04-15 16:36:22,6863242.0,6863192.0,2021-04-15 16:36:22.133
2021-04-15 16:36:23,6863385.0,6863192.0,2021-04-15 16:36:23.139
2021-04-15 16:36:24,6863455.0,6863192.0,2021-04-15 16:36:24.146
2021-04-15 16:36:25,6863455.0,6863192.0,2021-04-15 16:36:25.265
2021-04-15 16:36:26,6863455.0,6863192.0,2021-04-15 16:36:26.276
2021-04-15 16:36:27,6863455.0,6863192.0,2021-04-15 16:36:27.286
2021-04-15 16:36:28,6863455.0,6863192.0,2021-04-15 16:36:28.335
2021-04-15 16:36:29,6861840.0,6863192.0,2021-04-15 16:36:29.361
2021-04-15 16:36:30,6862031.0,6863192.0,2021-04-15 16:36:30.404
2021-04-15 16:36:31,6862199.0,6863192.0,2021-04-15 16:36:31.471
2021-04-15 16:36:32,6863302.0,6864799.0,2021-04-15 16:36:32.489
2021-04-15 16:36:33,6863418.0,6864799.0,2021-04-15 16:36:33.500
2021-04-15 16:36:34,6863418.0,6864799.0,2021-04-15 16:36:34.582
2021-04-15 16:36:35,6863418.0,6864645.0,2021-04-15 16:36:35.640
2021-04-15 16:36:36,6863418.0,6864569.0,2021-04-15 16:36:36.651
2021-04-15 16:36:37,6863418.0,6864569.0,2021-04-15 16:36:37.683
2021-04-15 16:36:38,6863418.0,6864569.0,2021-04-15 16:36:38.691
2021-04-15 16:36:39,6862538.0,6864569.0,2021-04-15 16:36:39.727
2021-04-15 16:36:40,6862539.0,6864569.0,2021-04-15 16:36:40.773
2021-04-15 16:36:41,6863177.0,6864569.0,2021-04-15 16:36:41.798
2021-04-15 16:36:42,6863360.0,6864569.0,2021-04-15 16:36:42.807
2021-04-15 16:36:43,6863365.0,6864569.0,2021-04-15 16:36:43.840
2021-04-15 16:36:44,6863365.0,6864569.0,2021-04-15 16:36:44.852
2021-04-15 16:36:45,6863365.0,6864569.0,2021-04-15 16:36:45.873
2021-04-15 16:36:46,6863365.0,6864569.0,2021-04-15 16:36:46.933
2021-04-15 16:36:47,6863414.0,6864569.0,2021-04-15 16:36:47.972
2021-04-15 16:36:48,6863414.0,6864569.0,2021-04-15 16:36:48.977
2021-04-15 16:36:50,6863414.0,6864569.0,2021-04-15 16:36:49.998
2021-04-15 16:36:51,6863414.0,6864569.0,2021-04-15 16:36:51.059
2021-04-15 16:36:52,6863414.0,6866200.0,2021-04-15 16:36:52.079
2021-04-15 16:36:53,6864857.0,6866199.0,2021-04-15 16:36:53.083
2021-04-15 16:36:54,6866266.0,6866251.0,2021-04-15 16:36:54.097
2021-04-15 16:36:55,6866266.0,6866251.0,2021-04-15 16:36:55.936
2021-04-15 16:36:56,6866266.0,6866251.0,2021-04-15 16:36:56.966
2021-04-15 16:36:57,6866266.0,6866251.0,2021-04-15 16:36:57.977
2021-04-15 16:36:59,6865221.0,6866251.0,2021-04-15 16:36:59.016
2021-04-15 16:37:00,6865221.0,6866251.0,2021-04-15 16:37:00.028
2021-04-15 16:37:01,6865285.0,6866251.0,2021-04-15 16:37:01.045
2021-04-15 16:37:02,6865329.0,6866251.0,2021-04-15 16:37:02.069
2021-04-15 16:37:03,6865329.0,6866251.0,2021-04-15 16:37:03.075
2021-04-15 16:37:04,6865329.0,6866251.0,2021-04-15 16:37:04.112
2021-04-15 16:37:05,6865329.0,6866251.0,2021-04-15 16:37:05.139
2021-04-15 16:37:06,6865329.0,6866251.0,2021-04-15 16:37:06.155
2021-04-15 16:37:07,6865632.0,6866251.0,2021-04-15 16:37:07.177
2021-04-15 16:37:08,6865632.0,6866251.0,2021-04-15 16:37:08.182
2021-04-15 16:37:09,6865788.0,6866251.0,2021-04-15 16:37:09.211
2021-04-15 16:37:10,6865853.0,6866251.0,2021-04-15 16:37:10.254
2021-04-15 16:37:11,6865853.0,6866251.0,2021-04-15 16:37:11.300
2021-04-15 16:37:12,6865853.0,6866251.0,2021-04-15 16:37:12.328
2021-04-15 16:37:13,6865853.0,6866251.0,2021-04-15 16:37:13.337
2021-04-15 16:37:14,6865853.0,6866251.0,2021-04-15 16:37:14.351
2021-04-15 16:37:15,6866253.0,6866251.0,2021-04-15 16:37:15.379
2021-04-15 16:37:16,6866300.0,6866251.0,2021-04-15 16:37:16.427
2021-04-15 16:37:17,6866300.0,6866251.0,2021-04-15 16:37:17.447
2021-04-15 16:37:18,6866300.0,6866251.0,2021-04-15 16:37:18.470
2021-04-15 16:37:19,6866253.0,6866251.0,2021-04-15 16:37:19.486
2021-04-15 16:37:20,6866253.0,6866251.0,2021-04-15 16:37:20.536
2021-04-15 16:37:21,6866253.0,6866251.0,2021-04-15 16:37:21.547
2021-04-15 16:37:22,6866253.0,6866251.0,2021-04-15 16:37:22.560
2021-04-15 16:37:23,6869685.0,6871169.0,2021-04-15 16:37:23.585
2021-04-15 16:37:24,6869412.0,6871032.0,2021-04-15 16:37:24.594
2021-04-15 16:37:25,6869412.0,6869150.0,2021-04-15 16:37:25.603
2021-04-15 16:37:26,6869412.0,6869150.0,2021-04-15 16:37:26.615
2021-04-15 16:37:27,6868706.0,6867331.0,2021-04-15 16:37:27.622
2021-04-15 16:37:28,6867203.0,6867325.0,2021-04-15 16:37:28.638
2021-04-15 16:37:29,6867427.0,6868558.0,2021-04-15 16:37:29.658
2021-04-15 16:37:30,6867942.0,6868558.0,2021-04-15 16:37:30.671
2021-04-15 16:37:31,6868926.0,6868558.0,2021-04-15 16:37:31.688
2021-04-15 16:37:32,6868926.0,6871100.0,2021-04-15 16:37:32.697
2021-04-15 16:37:33,6871007.0,6871032.0,2021-04-15 16:37:33.720
2021-04-15 16:37:34,6871007.0,6871032.0,2021-04-15 16:37:34.732
2021-04-15 16:37:35,6871007.0,6871032.0,2021-04-15 16:37:35.745
2021-04-15 16:37:36,6871010.0,6871032.0,2021-04-15 16:37:36.764
2021-04-15 16:37:37,6871010.0,6870904.0,2021-04-15 16:37:37.855
2021-04-15 16:37:38,6871010.0,6870679.0,2021-04-15 16:37:38.882
2021-04-15 16:37:39,6871010.0,6870678.0,2021-04-15 16:37:39.896
2021-04-15 16:37:40,6871010.0,6870619.0,2021-04-15 16:37:40.907
2021-04-15 16:37:42,6871010.0,6870132.0,2021-04-15 16:37:41.990
2021-04-15 16:37:43,6871010.0,6870132.0,2021-04-15 16:37:43.049
2021-04-15 16:37:44,6871010.0,6870128.0,2021-04-15 16:37:44.072
2021-04-15 16:37:45,6871010.0,6869997.0,2021-04-15 16:37:45.079
2021-04-15 16:37:46,6871010.0,6869739.0,2021-04-15 16:37:46.113
2021-04-15 16:37:47,6871010.0,6869739.0,2021-04-15 16:37:47.172
2021-04-15 16:37:48,6871010.0,6869739.0,2021-04-15 16:37:48.182
2021-04-15 16:37:49,6871010.0,6869739.0,2021-04-15 16:37:49.194
2021-04-15 16:37:50,6871010.0,6869739.0,2021-04-15 16:37:50.212
2021-04-15 16:37:51,6871010.0,6869739.0,2021-04-15 16:37:51.287
2021-04-15 16:37:52,6871010.0,6869739.0,2021-04-15 16:37:52.293
2021-04-15 16:37:53,6871010.0,6869646.0,2021-04-15 16:37:53.301
2021-04-15 16:37:54,6871010.0,6869646.0,2021-04-15 16:37:54.307
2021-04-15 16:37:55,6871010.0,6869646.0,2021-04-15 16:37:55.338
2021-04-15 16:37:56,6871010.0,6869646.0,2021-04-15 16:37:56.360
2021-04-15 16:37:57,6871010.0,6868739.0,2021-04-15 16:37:57.384
2021-04-15 16:37:58,6867526.0,6868739.0,2021-04-15 16:37:58.564
2021-04-15 16:37:59,6867533.0,6868617.0,2021-04-15 16:37:59.629
2021-04-15 16:38:00,6867543.0,6868617.0,2021-04-15 16:38:00.639
2021-04-15 16:38:01,6867557.0,6868617.0,2021-04-15 16:38:01.650
2021-04-15 16:38:02,6867676.0,6868617.0,2021-04-15 16:38:02.750
2021-04-15 16:38:03,6867676.0,6868617.0,2021-04-15 16:38:03.834
2021-04-15 16:38:04,6867676.0,6868617.0,2021-04-15 16:38:04.859
2021-04-15 16:38:05,6867676.0,6868617.0,2021-04-15 16:38:05.891
2021-04-15 16:38:06,6867676.0,6870020.0,2021-04-15 16:38:06.906
2021-04-15 16:38:07,6868781.0,6870020.0,2021-04-15 16:38:07.922
2021-04-15 16:38:08,6870020.0,6870020.0,2021-04-15 16:38:08.977
2021-04-15 16:38:10,6870032.0,6870020.0,2021-04-15 16:38:10.024
2021-04-15 16:38:11,6870032.0,6870020.0,2021-04-15 16:38:11.037
2021-04-15 16:38:12,6870139.0,6870020.0,2021-04-15 16:38:12.043
2021-04-15 16:38:13,6870139.0,6870020.0,2021-04-15 16:38:13.083
2021-04-15 16:38:14,6870139.0,6870020.0,2021-04-15 16:38:14.090
2021-04-15 16:38:15,6870139.0,6870020.0,2021-04-15 16:38:15.097
2021-04-15 16:38:16,6870139.0,6870020.0,2021-04-15 16:38:16.108
2021-04-15 16:38:17,6870139.0,6870020.0,2021-04-15 16:38:17.175
2021-04-15 16:38:18,6869520.0,6870020.0,2021-04-15 16:38:18.212
2021-04-15 16:38:19,6868855.0,6870020.0,2021-04-15 16:38:19.232
2021-04-15 16:38:20,6868855.0,6870020.0,2021-04-15 16:38:20.255
2021-04-15 16:38:21,6868855.0,6870020.0,2021-04-15 16:38:21.262
2021-04-15 16:38:22,6868855.0,6870020.0,2021-04-15 16:38:22.319
2021-04-15 16:38:23,6868855.0,6869795.0,2021-04-15 16:38:23.354
2021-04-15 16:38:24,6868855.0,6869661.0,2021-04-15 16:38:24.389
2021-04-15 16:38:25,6868855.0,6869655.0,2021-04-15 16:38:25.463
2021-04-15 16:38:26,6868855.0,6869649.0,2021-04-15 16:38:26.481
2021-04-15 16:38:27,6868000.0,6869637.0,2021-04-15 16:38:27.495
2021-04-15 16:38:28,6868000.0,6866917.0,2021-04-15 16:38:28.505
2021-04-15 16:38:30,6866742.0,6866939.0,2021-04-15 16:38:30.180
2021-04-15 16:38:31,6866742.0,6866939.0,2021-04-15 16:38:31.188
2021-04-15 16:38:32,6866862.0,6866939.0,2021-04-15 16:38:32.221
2021-04-15 16:38:33,6866862.0,6866939.0,2021-04-15 16:38:33.271
2021-04-15 16:38:34,6866862.0,6866939.0,2021-04-15 16:38:34.276
